%%%%%%%%%%% INDEX %%%%%%%%%%
%  Time Integration Schemes
%  AXI-FEM
%  SOIL MECHANICS
%  ZAPATAS
%  Drucker-Prager
%  PLASTICITY  and NON-LINEAR
%  MESHLESS
%  F-Bar and B-Bar - LOCKING
%  CONTACT 
%  FRACTURE


% --------------   STRINGS of journals   ----------------

@STRING{aam      = {{Advances in Applied Mechanics}} }
@STRING{acimj= {{ACI Materials Journal}} }
@STRING{acisj= {{ACI Structural Journal}} }
@STRING{amr      = {{Applied Mechanics Reviews}} }
@STRING{asmejam  = {{ASME JOURNAL OF APPLIED MECHANICS}} }
@STRING{ccr      = {{Cement Concrete Research}} }
@STRING{cm       = {{Computational Mechanics}} }
@STRING{cmame	 = {{Computer Methods in Applied Mechanics and Engineering}} }
@STRING{cac      = {{Computers and Concrete}} }
@STRING{cs       = {{Computers and Structures}} }
@STRING{cst	 = {{Composites Science and Techonology}} }
@STRING{ewc      = {{Engineering with Computers}} }
@STRING{efm      = {{Engineering  Fracture Mechanics}} }
@STRING{em       = {{Experimental Mechanics}} }
@STRING{ijf      = {{International Journal of Fracture}} }
@STRING{ijfm     = {{International Journal of Fracture Mechanics}} } 
@STRING{ijnamg   = {{International Journal for Numerical and Analytical Methods in
                     Geomechanics}} }
@STRING{ijnme    = {{International Journal for Numerical Methods in
                     Engineering}} }
@STRING{ijes	 = {{International Journal of Engineering Science}} }
@STRING{ijss     = {{International Journal of Solids and Structures}} }ijrhm
@STRING{ijrhm    = {{International Journal of Refractory Metals and Hard Materials}} }
@STRING{jam      = {{Journal of Applied Mechanics}} }
@STRING{jgr      = {{Journal of Geophysical Research}} }
@STRING{jmph	 = {{Journal of Mathematical Physics}} }
@STRING{jp2      = {{Journal of Physics, II}} }
@STRING{jmps     = {{Journal of the Mechanics and Physics of Solids}} }
@STRING{jsea	= {{Journal of Structural Engineering, ASCE}} }
@STRING{jpiv     = {{Journal de Physique IV}} }
@STRING{mcr	     = {{Magazine of Concrete Research}} }
@STRING{mas      = {{Materials and Structures}} }
 
@STRING{ln       = {{Letters to Nature}} }
@STRING{msmse    = {{Modelling and Simulation in Materials Science and
                     Engineering}} }
@STRING{pm       = {{Philosophical Magazine }} }
@STRING{pma      = {{Philosophical Magazine A}} }
@STRING{pmb      = {{Philosophical Magazine B}} }
@STRING{pra      = {{Phys. Rev. A}} }
@STRING{prb      = {{Phys. Rev. B}} }
@STRING{pre      = {{Phys. Rev. E}} }
@STRING{prl      = {{Physical Review Letters}} }
@STRING{pt       = {{Physics Today}} }
@STRING{prsl	 = {{Proceedings of the Royal Society of London}} }
@STRING{um       = {{Ultramicroscopy}} }
@STRING{smr	 = {{SM Report}} }





%%%%%%%%%%% Time Integration Schemes %%%%%%%%%%
%------------------------------------------------------
%Articulos:



@article{Newmark1959,
   author = {Newmark, N.M.},
   title = {A method of computation for structural dynamics},
   journal = {Journal of the Engineering Mechanics Division - ASCE},
   volume = {85},
   number = { },
   pages = {67-94},
   month={July},
   year = {1959}
}

@article{Wood1981,
 author= {Wood, W.L. and Bossak, M. and Zienkiewicz, O.C.},
  title= {An alpha modification of newmark method},
  journal = {EInternational Journal for Numerical Methods in Engineering},
  year= {1981},
  volume={14},
  number={1},
  month={},
  pages= {1562-1566}
}

@article{Wilson1973,
 author= {Wilson, E.L. and Farhoomand, I. and Bathe, K.J.},
  title= {Non-linear dynamic analysis of complex structures},
  journal = {Earthquake Engineering and Structural Dynamics},
  year= {1973},
  volume={1},
  number={1},
  month={},
  pages= {241-252}
}

@article{Goudreau1972,
 author= {Goudreau, G.L. and Taylor, R.L.},
  title= {Evaluation of numerical integration method in elastodynamics},
  journal = {Computer Methods in Applied Mechanics and Engineering},
  year= {1972},
  volume={2},
  number={},
  month={},
  pages= {69-97}
}

@article{Hilber1977,
 author= {Hilber, H.M. and Hughes, T.J.R. and Taylor, R.L.},
  title= {Improved numerical dissipation for time integration algorithms in structural dynamics},
  journal = {Earthquake Engineering and Structural Dynamics},
  year= {1977},
  volume={5},
  number={},
  month={},
  pages= {283-292}
}

@article{Hughes1978,
 author= {Hughes, T.J.R. and Hilber, H.M.},
  title= {Collocation, dissipation and overshoot for time integration schemes in structural dynamics},
  journal = {Earthquake Engineering and Structural Dynamics},
  year= {1978},
  volume={6},
  number={},
  month={},
  pages= {99-117}
}

@article{Hughes1983,
 author= {Hughes, T.J.R.},
  title= {Analysis of transient algorithms with particular reference to stability behaviour},
  journal = {Computational Methods for transient analysis},
  year= {1983},
  volume={},
  number={},
  month={},
  pages= {67-155}
}

@article{Chung1993,
 author= {Chung, J. and Hulbert G.M.},
  title= {A time integration algorithm for structural dynamics with improved numerical dissipation: the generalized-$\alpha$ method},
  journal = {Journal of Applied Mechanics},
  year= {1993},
  volume={60},
  number={},
  month={},
  pages= {371-375}
}

@article{Kontoe2008,
 author= {Kontoe, S. and Zdravkovic, L. and Potts, D.M.},
  title= {An assessment of time integration schemes for dynamic geotechnical problems},
  journal = {Computers and Geotechnics},
  year= {2008},
  volume={35},
  number={},
  month={},
  pages= {253-264}
}


@article{TamateT1999,
 author={Tamate, T. and Towata, I.},
 title={{Numerical simulation of ground flow caused by seismic liquefaction}},
 journal={{Soil Dynamics and Earthquake Engineering}},
 volume={18},
 year={1999},
 pages={473-485}
}

@article{TsaiLBZ2014,
 author={Tsai, M. C. and Lee, H. H. and Bui, T. Q. and Zhang, C. },
 title={{Offshore structural dynamic analysis considering soil-Structure interaction by a coupled bem and meshfree method}},
 journal={{Journal of Marine Science and Technology (Taiwan)}},
 volume={22},
 year={2014},
 pages={625-643}
}

@article{BenayadBT2014,
 author={Benayad, S. and Berga, A. and Terfaya, N.},
 title={{Technical solution for reducing the dynamic interaction soil-foundation}},
 journal={{Electronic Journal of Geotechnical Engineering}},
 volume={19V},
 year={2014},
 pages={6583-6591}
}

@article{DesaiKMR1987,
 author={Desai, C. S. and Kujawsky, J. and Miedzialowski, C. and Ryzynski, W.},
 title={{Improved time integration of nonlinear dynamic problems}},
 journal={{Computer Methods in Applied Mechanics and Engineering}},
 volume={62},
 year={1987},
 pages={155-168}
}

@Article{Simo1986, 
  author         = {Simo, J.C. and Hughes, T.J.R.},
  title          = {On the variational foundations of assumed strain methods.},
  journal        = {Journal of Applied Mechanics},
  volume         = {53(1)},
  pages          = {51-54},
  year           = 1986
}

@article{SimoV1988,
 author={Simo, J. C. and Vu-Quoc, L.},
 title={{On the dynamics in space of rods undergoing large motions - A geometrically exact approach}},
 journal={{Computer Methods in Applied Mechanics and Engineering}},
 volume={66},
 year={1988},
 pages={125-161}
}

@article{SimoTW1992,
 author={Simo, J. C. and Tarnow, N. and Wong, K. K.},
 title={{Exact energy-momentum conserving algorithms and symplectic schemes for nonlinear dynamics}},
 journal={{Computer Methods in Applied Mechanics and Engineering}},
 volume={100},
 year={1992},
 pages={63?116}
}

@article{OwrenS1995,
 author={Owren, B. and Simonsen, H. H.},
 title={{Alternative integration methods for problems in structural dynamics}},
 journal={{Computer Methods in Applied Mechanics and Engineering}},
 volume={122},
 year={1995},
 pages={1-10}
}

@article{IbrahimbegovicA1998,
 author={Ibrahimbegovic, A. and Al Mikdad, M.},
 title={{Finite rotations in dynamics of beams and implicit time-stepping schemes}},
 journal={{International Journal for Numerical Methods in Engineering}},
 volume={41},
 year={1998},
 pages={781-814}
}

@article{GanapathiPBT2000,
 author={Ganapathi, M. and Patel, B. P. and Boisse, P. and Touratier, M.},
 title={{Non-linear dynamic stability characteristics of elastic plates subjected to periodic in-plane load}},
 journal={{International Journal of Non-Linear Mechanics}},
 volume={35},
 year={2000},
 pages={467-480}
}

@article{YueR2005,
 author={Yue, Z. and Robbins, D. H.},
 title={{Adaptive superposition of finite element meshes in elastodynamic problems}},
 journal={{International Journal for Numerical Methods in Engineering}},
 volume={63},
 year={2005},
 pages={1604-1635}
}

@article{Arias2008,
 author= {Arias-Trujillo, J. and Bl\'azquez, R.},
  title= {Accuracy of time integration procedures for seismic response of linear oscillations},
  journal = {Proceedings of the 14th Worls Conference on Earthquake Engineering, Beijing (China)},
  year= {2008},
  volume={},
  number={},
  month={},
  pages= {}
}

% ALSO    AriasTrujilloBL2012
@article{Arias2012,
 author= {Arias-Trujillo, J. and Bl\'azquez, R. and L\'opez-Querol, S.},
  title= {A methodology based on a transfer function criterion to evaluate time integration algorithms},
  journal = {Soil Dynamics and Earthquake Engineering},
  year= {2012},
  volume={37},
  number={},
  month={},
  pages= {1-23}
}

%------------------------------------------------------
%Libros:
@Book{Humar90,
   author = {Humar, J.L.},
   title = {Dynamic of Structures},
	publisher = {City Englewood Cliffs, Prentice Hall},
year = {1990},
OPTnumber = {?},
OPTseries = {?},
address = {},
OPTedition = {?},
OPTmonth = {?},
}

@Book{Das92,
   author = {Das, B.M.},
   title = {Principles of soil dynamics},
	publisher = {PWS Publishing Co.},
year = {1992},
OPTnumber = {?},
OPTseries = {?},
address = {},
OPTedition = {?},
OPTmonth = {?},
}

@Book{Chopra95,
   author = {Chopra, A.K.},
   title = {Dynamic of Structures. Theory and application to earthquake engineering},
	publisher = {Prentice Hall},
year = {1995},
OPTnumber = {?},
OPTseries = {?},
address = {},
OPTedition = {?},
OPTmonth = {?},
}


%%%%%%%%%%%AXI-FEM%%%%%%%%%%

%------------------------------------------------------
%Libros:

@Book{Onate92,
   author = {O\~nate, E.},
   title = {C\'alculo de estructuras por el m\'etodo de los Elementos Finitos. An\'alisis est\'atico lineal},
	publisher = {CIMNE},
year = {1992},
OPTnumber = {?},
OPTseries = {?},
address = {Barcelona},
OPTedition = {?},
OPTmonth = {?},
}

@Book{Zienkiewicz94V1,
   author = {Zienkiewicz, O.C. and Taylor, R.L.},
   title = {El m\'etodo de los elementos finitos. Vol 1: Formulaci\'on b\'asica y problemas lineales},
	publisher = {CIMNE},
year = {1994},
OPTnumber = {?},
OPTseries = {?},
address = {Barcelona},
OPTedition = {?},
OPTmonth = {?},
}

%%%%%%%%%%%SOIL MECHANICS%%%%%%%%%%

%------------------------------------------------------
%Articulos:

@article{Jaynes1957,
 author= {Jaynes, E.T.},
  title= {{Information Theory and Statistical Mechanics}},
  journal = {The Physical Review},
  year= {1957},
  volume={106},
  number={4},
  month={May},
  pages= {620-630}
}

@article{Lamb1904,
   author = {Lamb, H.},
   title = {On the propagation of tremors over the surface of an elastic solid},
   journal = {Philosophical Transactions A},
   volume ={203},
   pages = {1-42},
   year = {1904}
}

@article{Casagrande1937,
   author = {Casagrande, A.},
   title = {Seepage through dams},
   journal = {New England Water Works},
   volume ={51(2)},
   pages = {131-172},
   year = {1937}
}

@article{cryer63,
   author = {Cryer, C.W.},
   title = {A comparison of the three-dimensional consolidation theories of Biot and Terzaghi},
   journal = {The Quarterly Journal of Mechanics and Applied Mathematics},
   volume ={16},
   pages = {401-412},
   year = {1963}
}

@article{LinHYW2013,
   author = {Lin,C.P. and Hung, Y.C. and Yu,Z.H. and Wu, P.L.},
   title = {Investigation of abnormal seepages in an earth dam using resistivity tomography},
   journal = {Journal of GeoEngineering},
   volume ={8(2)},
   pages = {61-70},
   month={August},
   year = {2013}
}


@article{Biot1941,
   author = {Biot, M. A.},
   title = {General theory of three-dimensional consolidation},
   journal = {Journal of Applied Physics}, 
   volume ={12(2)},
   pages = {155-164},
   month={February},
   year = {1941}
}


%%ALSO Biot:56

@article{Biot1956,
   author = {Biot, M. A.},
   title = {{Theory of propagation of elastic waves in a fluid-saturated porous solid. I. Low-Frequency range}},
   journal = {Journal of the Acoustical Society of America},
   volume = {28},
   number = {2},
   pages = {168-178},
   year = {1956}
}


@article{Biot1956poro,
   author = {Biot, M. A.},
   title = {General solutions of the equations of elasticity and consolidation for a porous material},
   journal = {Journal of Applied Mechanics}, 
   volume ={},
   pages = {91-96},
   month={March},
   year = {1956}
}



@article{Biot1955,
   author = {Biot, M. A.},
   title = {General solutions of the equations of elasticity and consolidation for a porous material},
   journal = {Journal of Applied Mechanics}, 
   volume ={26},
   number ={2},
   pages = {182-185},
   month={February},
   year = {1955}
}

%%ALSO ZienkiewiczCB:80

@article{zienkiewicz1980,
   author = {Zienkiewicz, O.C. and Chang, C.T. and Bettes, P.},
   title = {{Drained, undrained, consolidating and dynamic behaviour assumptions in soils}},
   journal = {G\'eotechnique},
   volume = {30},
   number = {4},
   pages = {385-395},
   year = {1980}
}

@article{zienkiewicz1984,
   author = {Zienkiewicz, O.C. and Shiomi, T.},
   title = {Dynamic Behaviour of saturated porous media: The generalized Biot formulation and its numerical solution.},
   journal = {Int. J. Num. Anal. Geomech.},
   volume = {8},
   pages = {71--96},
   year = {1984}
}

@article{zienkiewicz1990a,
   author = {Zienkiewicz, O.C. and Chan, A.H.C. and Pastor, M. and Paul, D.K. and Shiomi, T.},
   title = {Static and Dynamic Behaviour of Geomaterials: A rational approach to quantitative solutions. Part I: Fully saturated problems},
   journal = {Proc. Roy. Soc. Lond.},
   volume = {A429},
   pages = {285--309},
   year = {1990}
}


@ARTICLE{ZienkiewiczX:91,
  AUTHOR =       "Zienkiewicz, O. C. and Xie, Y. M.",
  TITLE =        "Analysis of \textsc{L}ower \textsc{S}an \textsc{F}ernando dam failure under earthquake",
  JOURNAL =      "Dam Engineering",
  YEAR =         "1991",
  volume =       "2",
  number =       "4",
  pages =        "307--322",
}


@Article{Barron:1948,
  author= {Barron, R.A.},
  title= {{Consolidation of fine-grained soils by drain wells}},
  journal= {Transationc {ASCE}},
  year= {1948},
  volume= {113},
  pages= {718-754}
}


@article{schrefler95,
   author = {Schrefler, B.A.},
   title = {Finite Elements in Environmental Engineering: Coupled thermo-hydromechanical process in porous media involving pollutant transport.},
   journal = {Archives of Computer Methods in Engineering},
   volume = {2},
   pages = {1--54},
   year = {1995}
}

@article{LagariasEtal1998,
   author = {Lagarias, J.C. and Reed, J.A. and Wright,M.H. and Wright, P.E.},
   title = {Convergence properties of the {Nelder-Mead} simplex method in low dimensions},
   journal = {SIAM J. Optim.},
   volume = {9(1)},
   pages = {112-147},
   year = {1998}
}


@article{Borja&Kishnani1991,
   author = {Borja, R.I. and Kishnani, S.S.},
   title = {{On the solution of elliptic free-boundary problems via Newton's method}},
   journal = {Computer Methods in Applied Mechanics and Engineering},
   volume = {88},
   pages = {341-361},
   year = {1991}
}


@article{Keady1990,
   author = {Keady, G.},
   title = {{The Dupuit approximation for the rectangular dam problem}},
   journal = {{IMA Journal of Applied Mathematics}},
   volume = {44},
   pages = {243-260},
   year = {1990}
}

@article{Terzaghi1925,
 author={Terzaghi, K. V.},
 title={{Principles of Soil Mechanics}},
 journal={{Engineering News-Record}},
 volume={95},
 year={1925},
 pages={19-27}
}

@article{Borja95,
   author = {Borja, R.I. and Alarc\'on, E.},
   title = {A mathematical framework for finite strain elastoplastic consolidation. Part1: balance laws, variational formulation, and linearization},
   journal = {Computer Methods in Applied Mechanics and Engineering},
   volume = {122},
   pages = {145--171},
   year = {1995}
}

@article{Borja98,
   author = {Borja, R.I. and Alarc\'on, E.},
   title = {Elastoplastic consolidation at finite strain. Part 2: finite element implementation and numerical examples},
   journal = {Computer Methods in Applied Mechanics and Engineering},
   volume = {159},
   pages = {103--122},
   year = {1998}
}

@article{Armero99,
   author = {Borja, R.I. and Alarc\'on, E.},
   title = {Formulation and finite element implementation of a multiplicative model of coupled poro-plasticity at finite strains under fully saturated conditions},
   journal = {Computer Methods in Applied Mechanics and Engineering},
   volume = {171},
   pages = {205--241},
   year = {1999}
}

@article{Herreros2006,
   author = {Herreros, M.I. and Mabssout, M. and Pastor, M.},
   title = {Application of level-set approach to moving interfaces and free surface problems in flow through porous media},
   journal = {Computer methods in applied mechanics and engineering},
   volume = {195},
   number = { },
   pages = {1-25},
   year = {2006}
}

@article{PastorEtal2014,
   author = {Pastor, M. and Blanc, T. and Haddad, B. and Petrone, S. and Sanchez Morales, M. and Drempetic, V.
   and Issler,D. and Crosta,G.B. and Cascini,L. and Sorbino, G. and Cuomo,S.},
   title = {Application of a {SPH} depth-integrated model to landslide run-out analysis},
   journal = {Landslides},
   volume = {},
   number = { },
   pages = {in press},
   year = {20114}
}

@Article{       BlancPastor2012,
  author         = {Blanc, T. and Pastor, M.},
  title          = {A stablized {Runge-Kutta, Taylor} smoothed particle hydrodynamics algorithm for large deformation problems in dynamics},
  journal        = {International Journal for Numerical Methods in Engineering},
  volume         = 91,
  pages          = {1427--1458},
  year           = 2012
}



@Article{       BlancPastor2013,
  author         = {Blanc, T. and Pastor, M.},
  title          = {A stablized {Smoothed Particle Hydrodynamics, Taylor-Galerkin} algorithm for soil dynamics problems},
  journal        = {International Journal for Numerical and Analytical Methods in Geomechanics},
  volume         = 37,
  pages          = {1--30},
  year           = 2013
}

@ARTICLE{FernandezMerodoPMTHGT:04,
  AUTHOR =       "Fern\'{a}ndez-Merodo, J. A. and Pastor, M. and Mira, P. and Tonni, L. and Herreros, M. I. and Gonz\'{a}lez, E.  and Tamagnini, T",
  TITLE =        "Modelling of diffuse failure mechanisms of catastrophic landslides",
  JOURNAL =      "Computer Methods in Applied Mechanics and Engineering",
  YEAR =         "2004",
  volume =       "193",
  pages =        "2911--2939",
}


@ARTICLE{MiraPLL:03,
  AUTHOR =       "Mira, P. and Pastor, M. and Li, T. and Liu, X.",
  TITLE =        "A new stabilized enhanced strain element with equal order of interpolation for soil consolidation problems",
  JOURNAL =      "Computer in Applied Mechanics and Engineering",
  YEAR =         "2003",
  volume =       "192",
  number =       "37-38",
  pages =        "4257--4277",
}

@ARTICLE{PastorZC:90,
  AUTHOR =       "Pastor, M. and Zienkiewicz, O.C. and Chan, A.H.C.",
  TITLE =        "Generalized plasticity and the modelling of soil behaviour",
  JOURNAL =      "International Journal for Numerical and Analytical Methods in Geomechanics",
  YEAR =         "1990",
  volume =       "14",
  pages =        "151--190",
}

 
@ARTICLE{BlazquezKB:80,
  AUTHOR =       "Bl\'{a}zquez, R. and Krizek, R. J. and Ba\v{z}ant, Z. P.",
  TITLE =        "Site factors controlling liquefaction",
  JOURNAL =      "Journal of the Geotechnical Engineering Division, ASCE",
  YEAR =         "1980",
  volume =       "106",
  number =       "GT7",
  pages =        "785--801",
}

@ARTICLE{BlazquezL:06,
  AUTHOR =       "Bl\'{a}zquez, R. and L\'{o}pez-Querol, S.",
  TITLE =        "Generalized densification law for dry sand due to dynamic loading",
  JOURNAL =      "Soil Dynamics and Earthquake Engineering",
  YEAR =         "2006",
  volume =       "26",
  number =       "9",
  pages =        "888--898",
}


% ALSO  LopezQuerolB:06
@article{LopezQuerolB2006,
   author = {L\'opez-Querol, S. and Blazquez,R.},
   title = {Liquefaction and  cyclic  mobility model in saturated granular media},
   journal = {International Journal for Numerical and Analytical Methods in Geomechanics}, 
   volume = {30},
   pages = {413-439},
   year = {2006},
   month = {April},
}

@ARTICLE{LopezQuerolB:07,
  AUTHOR =       "L\'{o}pez-Querol, S. and Bl\'{a}zquez, R.",
    TITLE =      "Validation of a new endochronic liquefaction model for granular soil by using centrifuge tests data",
  JOURNAL =      "Soil Dynamics and Earthquake Engineering",
  YEAR =         "2007",
  volume =       "(in press)",
}

@article{LopezQuerol2008,
   author = {L\'opez-Querol, S. and Fern\'andez-Merodo, J.A. and Mira, P. and Pastor, M.},
   title = {Numerical modelling of dynamic consolidation on granular soils},
   journal = {International Journal for Numerical and Analytical Methods in Geomechanics}, 
   volume = {32},
   pages = {1431-1457},
   year = {2008}
}


@article{LopezQuerol2011,
   author = {L\'opez-Querol, S. and Navas, P. and Peco, J. and Arias-Trujillo, J.},
   title = {Changing impermeability boundary conditions to obtain free surfaces in unconfined seepage problems},
   journal = {Canadian Geotechnical Journal},
   volume = {48},
   number = { },
   pages = {841-845},
   year = {2011}
}


@article{PecoLopezQuerol2012,
   author = {Peco, J. and L\opez-Querol, S.},
   title = {{Displacement based coupled model for unconfined seepage problems applied to the Gasset Dam (Ciudad Real, Spain)}},
   journal = {Engineering Geology},
   volume = {137},
   number = { },
   pages = {64-73},
   year = {2012}
}

@article{NavasLopezQuerol2013,
   author = {Navas, P. and L\'opez-Querol, S.},
   title = {Generalized unconfined seepage flow model using displacement based formulation},
   journal = {Engineering Geology},
   volume = {166},
   number = { },
   pages = {140-141},
   year = {2013}
}


@Article{Navas2016, 
  author         = {P. Navas and S. L\'opez-Querol and R.~C. Yu and B. Li},
  title          = {B-bar based algorithm applied to meshfree numerical schemes to solve unconfined seepage problems through porous media},
  journal        = {International Journal for Numerical  and Analytical Methods in Geomechanics},
  volume         = {40},
  pages          = {962-984},
  year           = 2016
}

@Article{Navas2016b, 
  author         = {P. Navas and R.~C. Yu and S. L\'opez-Querol and B. Li},
  title          = {Dynamic consolidation problems in saturated soils solved through u-w formulation in a {LME} meshfree framework},
  journal        = {Computers and Geotechnics},
  volume         = {79},
  pages          = {55-72},
  year           = 2016
}

@InBook{Navas2016c, 
  author   = {P. Navas and S. L\'opez-Querol and R.~C. Yu and B. Li},
  title    = {Meshfree methods applied to consolidation problems in saturated soils},
  series   ={Innovative numerical approaches for coupled multi-scale problems},
  Booktitle={Lecture Notes in Applied and Computational Mechanics},
  pages    ={241--264},
  publisher={Springer},
  year           = {2016}
}


@ARTICLE{Navas2017a,
  AUTHOR =       "Navas, P. and L\'opez-Querol, S. and Yu, R.~C. and Pastor, M.",
  TITLE =        "Optimal Transportation Meshfree Method in Geotechnical engineering problems under large deformation regime",
  JOURNAL =      ijnme,
  volume =       "Under review",
  YEAR =         "2018",
  pages =        "--",
}

@article{navas:2017b,
   author = {Navas, P. and Sanavia, L. and L\'opez-Querol, S. and Yu, R.~C.},
   title = {Explicit meshfree solution for large deformation dynamic problems in saturated porous media},
   journal = {Acta Geotechnica}, 
   volume = {13},
      pages = {227--242},
   year = {2018}
}

@article{navas:2018,
   author = {Navas, P. and Yu, R.~C. and Li, B. and Ruiz,G.},
   title = {Modeling the dynamic fracture in concrete: an eigensoftening meshfree approach},
   journal = {International Journal of Impact Engineering}, 
   volume = {113},
   pages = {9-20},
   year = {2018}
}


@article{Yu:2011,
	Author = {Yu, R.~C. and Luis Saucedo and  Ruiz, G.},
	Journal = {International Journal of Fracture},
	Pages = {169-182},
	Title = {{Finite-element study of the diagonal-tension failure in reinforced concrete beams}},
	Volume = 169,
	Year = 2011} 
	

@article{almeida:2017,
	Author = {L.~C. de Almeida and A. de la Rosa and G. Ruiz and E. Poveda and X.~X. Zhang and M. Tarifa},
	Journal = {Anales de la Mec\'anica de la Fractura},
	Pages = {242-249},
	Title = {{Fractura din\'amica en modo mixto de hormig\'on autocompactante reforzado con fibras de acero}},
	Volume = 34,
	Year = 2017} 
		
	
@article{ozbolt,
 author= {Bede,N. and Ozbolt, J. and Sharma, A. and Irhan, B.},
  title= {{Dynamic fracture of notched plain concrete beams: 3D finite element study}},
  journal = {International Journal of Impact Engineering}, 
  year= {2015},
  volume={77},
  number={},
  month={},
  pages= {176-188}
}

@article{ChaiyoRC2012,
   author = {Chaiyo, H. and Rattanadecho, P. and Chantasiriwan, S.},
   title = {The method of fundamental solutions for solving free boudary saturated seepage problem},
   journal = {International Communications in Heat and Mass Transfer},
   volume = {38},
   number = { },
   pages = {249-254},
   year = {2012}
}


@article{HashemiHatam2011,
   author = {HAshemi, M. and Hatam, F.},
   title = {Unsteady seepage analysis using local radial basis function-based differential quadrature method},
   journal = {Applied Mathematically Modelling},
   volume = {35},
   number = { },
   pages = {4934-4950},
   year = {2011}
}



@article{JieLiu2012,
 author ={Jie,Y.X. and Liu, Yan},
 title={Simulated annealing based algorithm for node generation in seepage analysis with meshless method},
 journal={Mechanics Research Communications},
 volume={43},
 pages={96-100},
 year={2012}
}
 

@article{LiGeJie2003,
 author ={Li, G. and Ge,J. and Jie, Y.},
 title={ Free sufrace seepage analysis based on the element-free method},
 journal={Mechanics Research Communications},
 volume={30},
 pages={9-19},
 year={2003}
}

@article{Ehlers:99,
 author ={Ehlers, W. and Eipper, G.},
 title={ Finite Elastic Deformations in Liquid-Saturated and Empty Porous Solids},
 journal={Transport in Porous Media},
 volume={34},
 pages={179--191},
 year={1999}
}

% ALSO   LiBR:04
@article{LiBorja2004,
 author ={Li, C. and Borja, R.I. and Regueiro, R.A.},
 title={ Dynamics of porous media at finite strain},
 journal={Computer Methods in Applied Mechanics and Engineering},
 volume={193},
 pages={3837-3870},
 year={2004}
}

@ARTICLE{Prevost:85,
  AUTHOR =       "Prevost, J. H.",
  TITLE =        "A simple plasticity theory for frictional cohesionless soils",
  JOURNAL =      "Soil Dynamics and Earthquake Engineering",
  YEAR =         "1985",
  volume =       "4",
  number =       "1",
  pages =        "9--17",
  file = F
}

@article{Prevost1983,
 author ={Prevost, J.H.},
 title={Implicit-Explicit schemes for nonlinear consolidation},
 journal={Computer Methods in Applied Mechanics and Engineering},
 volume={39},
 pages={225-239},
 year={1983}
}

@article{Cai2006,
 author ={Cai, Y. and Xu, C. and Zheng, Z. and Wu, D.},
 title={Vertical vibration analysis of axisymmetric saturated soil},
 journal={Applied mathematics and mechanics},
 volume={27},
 pages={83-89},
 year={2006}
}



@article{Jeremic08,
   author = {Jeremi\'c, B. and Cheng, Z. and Taiebat, M. and Dafalias, Y.},
   title = {Numerical simulation of fully saturated porous materials},
   journal = {International Journal for Numerical and Analytical Methods in Geomechanics}, 
   volume = {32},
   pages = {1635--1660},
   year = {2008}
}

@article{Muraleetharan09,
   author = {Ravichandran1, N. and Muraleetharan, K.K.},
   title = {Dynamics of unsaturated soils using various finite element formulations},
   journal = {International Journal for Numerical and Analytical Methods in Geomechanics}, 
   volume = {33},
   pages = {611--631},
   year = {2009}
}

@article{Ye10,
   author = {Ye, F.J. and Goh, S.H. and Lee, F.H.},
   title = {A method to solve Biot's u-U formulation for soil dynamic applications using the ABAQUS/explicit platform.},
   journal = {Numerical Methods in Geotechnical Engineering}, 
   pages = {417--422},
   year = {2010}
}
  
  
@ARTICLE{AdalierA:03,
  AUTHOR =       "Adalier, K. and Aydingun, O.",
  TITLE =        "Numerical analysis of seismically induced liquefaction in earth embankment foundations. \textsc{P}art II. \textsc{A}pplication of remedial measures",
  JOURNAL =      "Canadian Geotechnical Journal",
  YEAR =         "2003",
  volume =       "40",
  pages =        "766--779",
}

@ARTICLE{AdalierS:04,
  AUTHOR =       "Adalier, K. and Sharp, M. K.",
  TITLE =        "Embankment dam on liquefiable foundation - Dynamic behavior and densification remediation ",
  JOURNAL =      "Journal of Geotechnical and Geoenvironmental Engineering",
  YEAR =         "2004",
  volume =       "130",
  number =       "11",
  pages =        "1214--1224 ",
  month =        "November",
}

@ARTICLE{Alarcon-GuzmanLC:88,
  AUTHOR =       "Alarc\'{o}n-Guzm\'{a}n, A. and Leonards, G. A. and Chameau, J. L.",
  TITLE =        "Undrained monotonic and cyclic strength of sands",
  JOURNAL =      "Journal of Geotechnical Engineering",
  YEAR =         "1988",
  volume =       "114",
  number =       "10",
  pages =        "1089--1109",
}

@ARTICLE{ArduinoM:01,
  AUTHOR =       "Arduino, P. and Macari, E. J",
  TITLE =        "Numerical Analysis of Geomatherials within Theory of Porous Media",
  JOURNAL =      "Journal of Engineering Mechanics",
  YEAR =         "2001",
  volume =       "127",
  number =       "2",
  pages =        "167--175",
}

@ARTICLE{AydingunA:03,
  AUTHOR =       "Aydingun, O. and Adalier, K.",
  TITLE =        "Numerical analysis of seismically induced liquefaction in earth embankment foundations. \textsc{P}art I. \textsc{B}enchmanrk model",
  JOURNAL =      "Canadian Geotechnical Journal",
  YEAR =         "2003",
  volume =       "40",
  pages =        "753--765",
}

@ARTICLE{Bardet:95,
  AUTHOR =       "Bardet, J. P.",
  TITLE =        "Scaled memory model for cyclic behavior of soils",
  JOURNAL =      "Journal of  Geotechnical Engineering",
  YEAR =         "1995",
  volume =       "121",
  number =       "11",
  pages =        "766--775",
}

@ARTICLE{BardetD:96,
  AUTHOR =       "Bardet, J. P. and Davis, C. A.",
  TITLE =        "Performance of \textsc{S}an \textsc{F}ernando Dams during 1994 \textsc{N}orthridge earthquake",
  JOURNAL =      "Journal of Geotechnical Engineering",
  YEAR =         "1996",
  volume =       "122",
  number =       "7",
  pages =        "554--564",
  month =        "July",
}

@ARTICLE{CastroPL:85,
  AUTHOR =       "Castro, G. and Poulos, S. J. and Leathers, F.D.",
  TITLE =        "Re-examination of slide of \textsc{L}ower \textsc{S}an \textsc{F}ernando dam",
  JOURNAL =      "Journal of Geotechnical Engineering - ASCE",
  YEAR =         "1985",
  volume =       "111",
  number =       "9",
  pages =        "1093--1107",
  file = F
}

@ARTICLE{ChenSD:06,
  AUTHOR =       "Chen, Z. and Steeb, H. and Diebels, S.",
  TITLE =        "A time-discontinuous Galerkin method for the dynamica analysis of porous media",
  JOURNAL =      "International Journal for Numerical and Analytical Methods in Geomechanics",
  YEAR =         "2006",
  volume =       "30",
  pages =        "1113--1134",
}

@ARTICLE{CastroSKS:92,
  AUTHOR =       "Castro, G. and Seed, R. B. and Keller, T. O. and Seed, H. B.",
  TITLE =        "Steady-state strength analysis of \textsc{L}ower \textsc{S}an \textsc{F}ernando dam slide",
  JOURNAL =      "Journal of Geotechnical Engineering",
  YEAR =         "1992",
  volume =       "118",
  number =       "3",
  pages =        "406--427",
  month =        "March",
  file = F
}

@ARTICLE{ChowYYL:92,
  AUTHOR =       "Chow, Y. K. and Yong, D. M. and Yong, K. Y. and Lee, S. L.",
  TITLE =        "Dynamic compaction analysis",
  JOURNAL =      "Journal of Geotechnical Engineering",
  YEAR =         "1992",
  volume =       "118",
  number =       "8",
  pages =        "1141--1157",
  month =        "August",
}

@ARTICLE{Cuellar:77,
  AUTHOR =       "Cu\'{e}llar, V. and Bazant, Z. P. and Krizek, R. J. and Silver, M. L.",
  TITLE =        "Densification and hysteresis of sand under cyclic shear",
  JOURNAL =      "Journal of the Geotechnical Engineering Division - ASCE",
  YEAR =         "1977",
  volume =       "103",
  number =       "GT5",
  pages =        "399--416",
  file = F
}

@ARTICLE{DafaliasP:76,
  AUTHOR =       "Dafalias, Y. F. and Popov, E. P.",
  TITLE =        "Plastic internal variable formalism of cyclic plasticity",
  JOURNAL =      "Journal of Applied Mechanics",
  YEAR =         "1976",
  volume =       "98",
  number =       "4",
  pages =        "645--650",
}

@ARTICLE{DavisB:1996,
  AUTHOR =       "Davis, C. A. and Bardet, J. P.",
  TITLE =        "Performance of two reservoirs during 1994 \textsc{N}orthridge earthquake",
  JOURNAL =      "Journal of Geotechnical Engineering",
  YEAR =         "1996",
  volume =       "122",
  number =       "8",
  pages =        "613--622",
  month =        "August",
}

@ARTICLE{DiebelsE:96,
  AUTHOR =       "Diebels, S. and Ehlers, W.",
  TITLE =        "Dynamic analysis of fully saturated porous medium accounting for geometrical and material non-linearities",
  JOURNAL =      "International Journal for Numerical Methods in Engineering",
  YEAR =         "1996",
  volume =       "39",
  pages =        "81--97",
}

@ARTICLE{GajoW:99,
  AUTHOR =       "Gajo, A. and Wood, D. M.",
  TITLE =        "A kinematic hardening constitutive model for sands: the multiaxial formulation",
  JOURNAL =      "International Journal for Numerical and Analytical Methods in Geomechanics",
  YEAR =         "1999",
  volume =       "23",
  pages =        "925--965",
}

@ARTICLE{GonzalezdeVallejoTC:05,
  AUTHOR =       "Gonz\'{a}lez de Vallejo, L. I. and Tsige, M. and Cabrera, L.",
  TITLE =        "\textsc{P}aleoliquefaction features on \textsc{T}enerife (\textsc{C}anary \textsc{I}slands) in \textsc{H}olocene sand deposits",
  JOURNAL =      "Engineering Geology",
  YEAR =         "2005",
  volume =       "76",
  pages =        "179--190",
}

@ARTICLE{GuL:02,
  AUTHOR =       "Gu, Q. and Lee, F. H.",
  TITLE =        "Ground response to dynamic compaction of dry sand",
  JOURNAL =      "G\'{e}otechnique",
  YEAR =         "2002",
  volume =       "52",
  number =       "7",
  pages =        "481--493",
}

@ARTICLE{GuMR:93,
  AUTHOR =       "Gu, W. H. and Morgenstern, N. R. and Robertson, P. K.",
  TITLE =        "Progressive failure of \textsc{L}ower \textsc{S}an \textsc{F}ernando dam",
  JOURNAL =      "Journal of Geotechnical Engineering",
  YEAR =         "1993",
  volume =       "119",
  number =       "2",
  pages =        "333--349",
  month =        "February",
}

@ARTICLE{GunaratneRTMSK:1996,
  AUTHOR =       "Gunaratne, M. and Ranganath, M. and Thilakasiri, S. and Mullins, G. and Stinnette, P. and Kuo, C.",
  TITLE =        "Study of pore pressure induced in laboratory dynamic consolidation",
  JOURNAL =      "Computers and Geotechnics",
  YEAR =         "1996",
  volume =       "18",
  number =       "2",
  pages =        "127--143",
}

@ARTICLE{IshiharaTY:75,
  AUTHOR =       "Ishihara, K. and Tatsuoka, F. and Yasuda, S.",
  TITLE =        "Undrained deformation and liquefaction of sand under cyclic stresses",
  JOURNAL =      "Soils and Foundations",
  YEAR =         "1975",
  volume =       "15",
  number =       "1",
  pages =        "29--44",
}

@ARTICLE{KoS:67,
  AUTHOR =       "Ko, H. Y. and Scott, R. F.",
  TITLE =        "Deformation of sand in hydrostatic compression",
  JOURNAL =      "Journal of the Soil Mechanics and Foundations Division",
  YEAR =         "1967",
  volume =       "93",
  number =       "SM3",
  pages =        "137--156",
  file = F
}

@ARTICLE{KhoeiAH:04,
  AUTHOR =       "Khoei, A. R. and Azami, A. R. and Haeri, S. M.",
  TITLE =        "Implementation of plasticity based models in dynamic analysis of earth and rockfill dams: A comparison of \textsc{P}astor-\textsc{Z}ienkiewicz and cap models",
  JOURNAL =      "Computers and Geotechnics",
  YEAR =         "2004",
  volume =       "31",
  pages =        "385--410",
}

@ARTICLE{LeeG:04,
  AUTHOR =       "Lee, F. H. and Gu, Q.",
  TITLE =        "Method for estimating dynamic compaction effect on sand",
  JOURNAL =      "Journal of Geotechnical and Geoenvironmental Engineering",
  YEAR =         "2004",
  volume =       "139",
  number =       "2",
  pages =        "139--152",
  month =        "February",
}


@ARTICLE{LiM:04,
  AUTHOR =       "Li, X. S. and Ming, H.",
  TITLE =        "Seepage driving effect on deformations of \textsc{S}an \textsc{F}ernando dams",
  JOURNAL =      "Soil Dynamics and Earthquake Engineering",
  YEAR =         "2004",
  volume =       "24",
  pages =        "979--992",
  file = F
}


@ARTICLE{ManzariD:97,
  AUTHOR =       "Manzari, M. T. and Dafalias, Y. F.",
  TITLE =        "A critical state two-surface plasticity model for sands",
  JOURNAL =      "Geotechnique",
  YEAR =         "1997",
  volume =       "47",
  number =       "2",
  pages =        "255--272",
}

@ARTICLE{MartinFS:75,
  AUTHOR =       "Martin, G. R. and Finn, W. D. L. and Seed, H. B.",
  TITLE =        "Fundamentals of Liquefaction under Cyclic Loading",
  JOURNAL =      "Journal of the Geotechnical Engineering Division",
  YEAR =         "1975",
  volume =       "101",
  number =       "GT5",
  pages =        "423--438",
}

@ARTICLE{MayneJ:83,
  AUTHOR =       "Mayne, P. and Jones, J.",
  TITLE =        "Impact stresses during dynamic compaction",
  JOURNAL =      "Journal of Geotechnical Engineering",
  YEAR =         "1983",
  volume =       "109",
  number =       "10",
  pages =        "1342--1346",
  month =        "October",
}

@ARTICLE{MenardB:75,
  AUTHOR =       "M\'{e}nard, L. and Broise, Y.",
  TITLE =        "Theoretical and practical aspects of dynamic consolidation",
  JOURNAL =      "G\'{e}otechnique",
  YEAR =         "1975",
  volume =       "25",
  number =       "1",
  pages =        "3--18",
}

@ARTICLE{MingL:03,
  AUTHOR =       "Ming, H. Y. and Li, X. S.",
  TITLE =        "Fully coupled analysis of failure and remediation of \textsc{L}ower \textsc{S}an \textsc{F}ernando Dam",
  JOURNAL =      "Journal of Geotechnical and Geoenvironmental Engineering",
  YEAR =         "2003",
  volume =       "129",
  number =       "4",
  pages =        "336--349",
  month =        "April",
}

@ARTICLE{OlsonS:02,
  AUTHOR =       "Olson, S. M. and Stark, T. D.",
  TITLE =        "Liquefied strength ratio from liquefaction flow case histories",
  JOURNAL =      "Canadian Geotechnical Journal",
  YEAR =         "2002",
  volume =       "39",
  number =       "",
  pages =        "329--347",
}

@ARTICLE{PanS:00,
  AUTHOR =       "Pan, J. L. and Selby, A. R.",
  TITLE =        "Simulation of dynamic compaction of loose granular soils",
  JOURNAL =      "Advances in Engineering Software",
  YEAR =         "2002",
  volume =       "33",
  number =       "631--640",
}

@ARTICLE{PapadimitriouBD:01,
  AUTHOR =       "Papadimitriou, A. G and Bouckovalas, G. D. and Dafalias, Y. F.",
  TITLE =        "Plasticity model for sand under small and large cyclic strains",
  JOURNAL =      "Journal of Geotechnical and Geoenvironmental Engineering",
  YEAR =         "2001",
  volume =       "127",
  number =       "11",
  pages =        "973--983",
}

@ARTICLE{PoranR:92,
  AUTHOR =       "Poran, C. J. and Rodr\'{i}guez, J. A.",
  TITLE =        "Design of dinamic compaction",
  JOURNAL =      "Canadian Geotechnical Journal",
  YEAR =         "1992",
  volume =       "29",
  number =       "",
  pages =        "796--802",
}

@ARTICLE{RoessetKCMV:94,
  AUTHOR =       "Roesset, J. M. and Kausel, E. and Cu\'{e}llar, V. and Monte, J. L. and Valerio, J.",
  TITLE =        "Impact weight falling onto the ground",
  JOURNAL =      "Journal of Geotechnical Engineering",
  YEAR =         "1994",
  volume =       "120",
  number =       "8",
  pages =        "1394--1412",
  month =        "August",
}

@ARTICLE{SeedS:72,
  AUTHOR =       "Seed, H. B. and Silver, M. L.",
  TITLE =        "Settlement of dry sands during earthquakes",
  JOURNAL =      "Journal of the Soil Mechanics and Foundations Division",
  YEAR =         "1972",
  volume =       "98",
  number =       "SM4",
  pages =        "381--397",
}

@ARTICLE{Seed:79,
  AUTHOR =       "Seed, H. B.",
  TITLE =        "19TH \textsc{R}ankine \textsc{L}ecture - \textsc{C}onsiderations in the earthquake resistant design of earth and rock fill dams",
  JOURNAL =      "G\'{e}otechnique",
  YEAR =         "1979",
  volume =       "98",
  pages =        "213--263",
}

@ARTICLE{ScottP:75,
  AUTHOR =       "Scott, A. and Pearce, W.",
  TITLE =        "Soil compaction by impact",
  JOURNAL =      "G\'{e}otechnique",
  YEAR =         "1975",
  volume =       "25",
  number =       "1",
  pages =        "19--30",
}

@ARTICLE{ThilakasiriGMSJory:96,
  AUTHOR =       "Thilakasiri, H. S. and Gunaratne, M. and Mullins, G. and Stinnette, P. and Jory, B.",
  TITLE =        "Investigation of imact stresses induced in laboratory dynamic compaction on soft soils",
  JOURNAL =      "International Journal for Numerical and Analytical Methods in Geomechanics",
  YEAR =         "1996",
  volume =       "20",
  pages =        "753--767",
}

@ARTICLE{WijewickremeSB:05,
  AUTHOR =       "Wijewickreme, D. and Sriskandakumar, S. and Byrne, P.",
  TITLE =        "Cyclic loading response of loose air-pluviated \textsc{F}raser \textsc{R}iver sand for validation of numerical models simulating centrifuge tests",
  JOURNAL =      "Canadian Geotechnical Journal",
  YEAR =         "2005",
  volume =       "42",
  pages =        "550--561",
}

@ARTICLE{Wu:01,
  AUTHOR =       "Wu, G.",
  TITLE =        "Earthquake-induced deformation analyses of the \textsc{U}pper \textsc{S}an \textsc{F}ernando Dam under the 1971 \textsc{S}an \textsc{F}ernando Earthquake",
  JOURNAL =      "Canadian Geotechnical Journal",
  YEAR =         "2001",
  volume =       "38",
  pages =        "1--15",
}

@ARTICLE{YangEAS:04,
  AUTHOR =       "Yang, Z. H. and Elgamal, A. and Adalier, K. and Sharp, M. K.",
  TITLE =        "Earth dam on liquefiable foundation and remediation: Numerical simulation of centrifuge experiments",
  JOURNAL =      "Journal of Engineering Mechanics-ASCE",
  YEAR =         "2004",
  volume =       "130",
  number =       "10",
  pages =        "1168--1176 ",
  month =        "October",
}

@ARTICLE{Youd:72,
  AUTHOR =       "Youd, T. L.",
  TITLE =        "Compaction of sands by repeated shear straining",
  JOURNAL =      "Journal of the Soil Mechanics and Foundations Division",
  YEAR =         "1972",
  volume =       "98",
  number =       "SM7",
  pages =        "709--725",
}


@ARTICLE{Soga:15,
  AUTHOR =       "Bandara, S. and Soga, K.",
  TITLE =        "Coupling of soil deformation and pore fluid flow using material point method",
  JOURNAL =      "Computers and Geotechnics",
  YEAR =         "2015",
  volume =       "63",
  pages =        "199--214",
}




% Recommended by the reviewer NAG, 2015.8
@Article{WangHQR2014, 
  author         = {Y. Wang and M. Hu and Q. Zhou and J. Rutqvist},
  title          = {Energy-work-based numerical manifold seepage analysis with an efficient scheme to locate the phreatic surface},
  journal        = {International Journal for Numerical  and Analytical Methods in Geomechanics},
  volume         = {38},
  month={October},
  pages          = {1633-1650},
  year           = 2014
}


@Article{BazyarT2015, 
  author         = {M.~H. Bazyar and A. Talebi},
  title          = {Transient seepage analysis in zoned anisotropic soils based on the scaled boundary finite-element method},
  journal        = {International Journal for Numerical  and Analytical Methods in Geomechanics},
  volume         = {39},
  month={January},
  pages          = {1-22},
  year           = 2015
}


@Article{Li2015, 
  author         = {G. Li},
  title          = {A four-node plane parametric element based on quadrilateral area coordinate and its application to coupled solid-deformation/fluid-flow simulation for porous geomaterials},
  journal        = {International Journal for Numerical  and Analytical Methods in Geomechanics},
  volume         = {39(3)},
  month={February},
  pages          = {251-276},
  year           = 2015
}


@Article{KimWR2015, 
  author         = {J. Kim and W. Wang and R. A. Regueiro},
  title          = {Hybrid time integration and coupled solution methods for nonlinear finite element analysis of partially saturated deformable porous media at small strain},
  journal        = {International Journal for Numerical  and Analytical Methods in Geomechanics},
  volume         = {39},
  month={February},
  pages          = {1073-1103},
  year           = 2015
}

% Recommended by the reviewer CoGe, 2016

@article{HuZC2014,
 author= {Hu, Y.Y. and Zhou, W.H. and Cai, Y.Q.},
  title= {Large-strains elastic viscoplastic consolidation analysis of very soft clay layers with vertical drains under preloading},
  journal = {Canadian Geotechnical Journal},
  year= {2014},
  volume={51},
  number={},
  month={},
  pages= {144-157}
}

@article{BasackIR2016,
 author= {Basack, S. and Indraratna, B. and Rujikiatkamjom, C.},
  title= {Modeling the performance of stone column-reinforced soft ground under static and cyclic loads},
  journal = {Journal of Geotechnical and Geoenvironmental Engineering},
  year= {2016},
  volume={142},
  number={2:04015067},
  month={},
  pages= {1-15}
}

@article{HsuL2013,
 author= {Hsu, T.W. and Liu, H.J.},
  title= {Consolidation for radial drainage under time-dependent loading},
  journal = {Journal of Geotechnical and Geoenvironmental Engineering},
  year= {2013},
  volume={139},
  number={12},
  month={},
  pages= {2096-2103}
}

%------------------------------------------------------
%Libros:

@Book{Harr1962,
   author = {Harr, M.E.},
   title = {Groundwater and seepage},
	publisher = {McGraw-Hill,Inc.},
year = {1962},
OPTnumber = {?},
OPTseries = {?},
address = {New York},
OPTedition = {?},
OPTmonth = {?},
}

@Book{Berry1987,
   author = {Berry, P.L. and Reid, D.},
   title = {Introduction to Soil Mechanics},
	publisher = {McGraw-Hill, Inc.},
year = {1987},
OPTnumber = {?},
OPTseries = {?},
address = {London, United Kingdom},
OPTedition = {?},
OPTmonth = {?},
}

%% ALSO ZienkiewiczCPSS:00

@Book{Zienkiewicz99,
author = {Zienkiewicz, O.C. and Chan, A.H.C. and Pastor, M. and Schrefler, B.A. and Shiomi, T.},
title = {Computational Geomechanics},
publisher = {John Wiley},
year = {1999},
OPTnumber = {?},
OPTseries = {?},
address = {UK},
OPTedition = {?},
OPTmonth = {?},
}

@Book{LewisSchrefler98,
author = {Lewis, R.W. and Schrefler, B.A.},
title = {The finite element method in the static and dynamic deformation and consolidation of porous media.},
publisher = {John Wiley \& Sons Ltd.},
year = {1998},
OPTnumber = {?},
OPTseries = {?},
address = {},
OPTedition = {2nd},
OPTmonth = {?},
}

@Book{Verruijt10,
author = {Verruijt, A.},
title = {An introduction to soil dynamics},
publisher = {Springer},
year = {2010},
OPTnumber = {?},
OPTseries = {?},
address = {Delft, The Netherlands},
OPTedition = {?},
OPTmonth = {?},
}

@BOOK{SeedSHJ:89,
  AUTHOR =       "Seed, H. B. and Seed, R. B. and Harder, L. F. and Jong, H. L.",
  TITLE =        "Re-evaluation for the Lower San Fernando dam, Report 2, Examination of the post-earthquake slide of February 9, 1971",
  PUBLISHER =    "Contract Report GL-89-2, Department of the Army, US Army Corps of Engineers, Washington, DC, USA",
  YEAR =         "1989",
}

%------------------------------------------------------
% Technical reports

@TECHREPORT{SeedLIM:73,
  AUTHOR =       "Seed, H. B. and Lee, K. L. and Idriss, I. M. and Makdisi, F. I.",
  TITLE =        "Analysis of the slides in the San Fernando dams during the earthquake on Feb. 9, 1971",
  INSTITUTION =  "Earthquake Engineering Research Center, University of California, Berkeley, CA, USA",
  YEAR =         "1973",
  number =       "EERC 73-2",
}

@TECHREPORT{ArulmoliMHF:92,
  AUTHOR =       "Arulmoli, K. and Muraleetharan, K. K. and Hossain, M. M. and Fruth, L. S.",
  TITLE =        "VELACS Laboratory Testing Program, Soil Data Report",
  INSTITUTION =  "The Earth Technology Corporation, Irvine, California",
  YEAR =         "1992",
  type =         "\textsc{R}eport to the \textsc{N}ational \textsc{S}cience \textsc{F}oundation, \textsc{W}ashington \textsc{D}.\textsc{C}.",
}

@TECHREPORT{WylieSPR:75,
  AUTHOR =       "Wylie, E. B. and Streeter, V. L. and Papadakis, C. N. and Richart Jr., F. E.",
  TITLE =        "Earthquake resistance of earth and rock-fill dams. Repor 4: Transient two-dimensional analysis of soils by \textsc{L}atticework method, \textsc{L}opez dam case study",
  INSTITUTION =  "Department of \textbf{C}ivil \textsc{E}ngineering. The \textsc{U}niversity of \textsc{M}ichigan",
  YEAR =         "1975",
  address =      "Ann \textsc{A}rbor, \textsc{M}ich. 48104",
}

%------------------------------------------------------
%Miscelanea:

@MISC{ByrneWeb:05,
  author =       "Byrne, P. M.",
  title =        "Earthquake induced damage mitigation from soil liquefaction",
  howpublished = "\langle http://www.civil.ubc.ca/liquefaction/\rangle",
  year =         "2005",
}

   
   
%------------------------------------------------------
%Software:
@Manual{plaxflow,
title = {PLAXFLOW validation manual},
OPTkey = {},
author = {Plaxis},
OPTorganization = {?},
address = {Delft, the Netherlands},
edition = {Version 1.4},
OPTmonth = {?},
year = {2010},
note = {Available from www.plaxis.nl},
OPTannote = {?}
}

@Manual{GeHoMadrid,
title = {GeHoMadrid User Manual},
OPTkey = {},
author = {Fern\'andez Merodo, J.A. and Mira, P. and Pastor, M. and Li, T.},
organization = {CEDEX},
address = {Madrid},
edition = {},
OPTmonth = {?},
year = {1999},
note = {Technical Report},
OPTannote = {?}
}

%------------------------------------------------------
%Tesis doctorales:

%%ALSO FernandezMerodo:01

@PhdThesis{PHD_Chen,
author = { Chen, A.T.F.},
title = {{Plane strain and axi-symmetric primary consolidation of saturated clays}},
school = {Rensselaer Polytechnic Institute, Troy, NY},
year = {1966},
OPTkey = {?},
OPTtype = {?},
OPTaddress = {?},
OPTmonth = {?},
OPTnote = {?},
OPTannote = {?}
}

@PHDTHESIS{Cuellar:74,
  AUTHOR =       "Cu\'{e}llar, V.",
  TITLE =        "Rearrangement measure theory applied to dynamic behavior of sand",
  SCHOOL =    "Civil Engineering Department, Northwestern University, Evanston, Illinois, USA",
  YEAR =         "1974",
  }

@PHDTHESIS{Blazquez:78,
  AUTHOR =       "Bl\'{a}zquez, R.",
  TITLE =        "Endochronic model for liquefaction of sand deposits as inelastic two - phase media",
  SCHOOL =    "Civil Engineering Department, Northwestern University, Evanston, Illinois, USA",
  YEAR =         "1978",
}

@PhdThesis{FernandezMerodo2001,
author = {Fern\'andez-Merodo, J.A.},
title = {{Une approche a la modelization des glissements et des effondrements de terrains: initiation et propagation (in French)}},
school = {Ecole Centrale des Arts et Manufactures``Ecole Centrale Paris"},
year = {2001},
OPTkey = {?},
OPTtype = {?},
OPTaddress = {?},
OPTmonth = {?},
OPTnote = {?},
OPTannote = {?}
}

@PHDTHESIS{Olson:01,
  AUTHOR =       "Olson, S.M.",
  TITLE =        "Liquefaction analysis of level and sloping ground using field case histories and penetration resistance",
  SCHOOL =       "University of Illinois at Urbana-Champaign, Urbana, Illinois (http://pgi-tp.ce.uiuc.edu/olsonwebfiles/olsonweb/index.htm)",
  YEAR =         "2001",
}

@PhDthesis{LopezQuerol2006,
   author = {L\'opez-Querol, S.},
   title = {Modelizaci\'on geomec\'anica de los procesos de densificaci\'on, licuefacci\'on y movilidad c\'iclica de suelos granulares sometidos a solicitaciones din\'amicas},
   school={University of Castilla-La Mancha, Ciudad Real, Spain},
   pages = {1-271},
   year = {2006}
}



%------------------------------------------------------
%Actas de Conferencias, Congresos o Simposios:
@InProceedings{CividiniGioda2013,
author ={A. Cividini and G. Gioda},
title ={On the dynamic analysis of two-phase soils},
editor={S. Pietruszczak and G. N. Pande},
booktitle={{Proceedings of the Third International Symposium on Computational Geomechanics (ComGeo III)}},
pages={452-461},
year={2013}
}

@Proceedings{PanP1985,
title = {Dynamic Response of a railway tunnel due to passing trains},
year = {1985},
OPTvolume = {Proceedings of the Fifth International Conference on Numerical Methods in Geomechanics},
OPTnumber = {Code 9176},
OPTaddress = {Nagoya, Japon},
}


%%%%%%%%%%%  ZAPATAS  %%%%%%%%%%

%------------------------------------------------------
%Articulos:

@ARTICLE{prandtl:20,
  AUTHOR =       "Prandtl, L.",
  TITLE =        "{\"U}ber die H{\"a}rte plastischer K{\"o}rper. Nachrichten von der Gesellschaft der Wissenschaften zu G{\"o}ttingen",
  JOURNAL =      "Mathematisch-Physikalische Klasse",
  YEAR =         "1920",
  pages =        "74--85",
}

@ARTICLE{reissner:24,
  AUTHOR =       "Prandtl, L.",
  TITLE =        "Zum Erddruckproblem. In C. B. Biezeno \& J. M. Burgers (Eds.)",
  JOURNAL =      "Proceedings of 1st International Congress for applied mechanics ",
  YEAR =         "1924",
  pages =        "295--311",
  INSTITUTION =  "Delft: Waltman",
}

@ARTICLE{griffiths:82,
  AUTHOR =       "Griffiths, D.V.",
  TITLE =        "Computation of bearing capacity factors using finite elements",
  JOURNAL =      "G\'eotechnique",
  volume =       "32",
  YEAR =         "1982",
  pages =        "195--202",
}

@ARTICLE{deborst:84,
  AUTHOR =       "de Borst, R. and Vermeer, P.A.",
  TITLE =        "Possibilities and limitations of finite elements for limit analysis",
  JOURNAL =      "G\'eotechnique",
  volume =       "34",
  YEAR =         "1984",
  pages =        "199--210",
}

@ARTICLE{drescher:93,
  AUTHOR =       "Drescher, A. and Detournay, E.",
  TITLE =        "Limit load in translational mechanisms for associative and non-associative materials",
  JOURNAL =      "G\'eotechnique",
  volume =       "43",
  YEAR =         "1993",
  pages =        "443--456",
}

@ARTICLE{manoharan:95,
  AUTHOR =       "Manoharan, N. and Dasgupta, S.P.",
  TITLE =        "Bearing capacity of surface footings by finite elements",
  JOURNAL =      "Computers and structures",
  volume =       "54",
  YEAR =         "1995",
  pages =        "563--568",
}

@ARTICLE{frydman:97,
  AUTHOR =       "Frydman, S. and Burd, H.J.",
  TITLE =        "Numerical studies of bearing capacity factor Nc.",
  JOURNAL =      "Journal of Geotechnical and Geoenvironmental Engineering ASCE",
  volume =       "123",
  YEAR =         "1997",
  pages =        "20--29",
}

@ARTICLE{yin:01,
  AUTHOR =       "Yin, J. and Wang, Y. and Selvadurai, A.",
  TITLE =        "Influence of non-associative on the bearing capacity of a strip footing",
  JOURNAL =      "Journal of Geotechnical and Geoenvironmental Engineering ASCE",
  volume =       "127",
  YEAR =         "2001",
  pages =        "958--989",
}

@ARTICLE{erickson:02,
  AUTHOR =       "Erickson, H.L. and Drescher, A.",
  TITLE =        "Bearing capacity of circular footings",
  JOURNAL =      "Journal of Geotechnical and Geoenvironmental Engineering ASCE",
  volume =       "128",
  YEAR =         "2002",
  pages =        "38--43",
}

@ARTICLE{loukidis:09,
  AUTHOR =       "Loukidis, D. and Salgado, R.",
  TITLE =        "Bearing capacity of strip and circular footings in sand using finite elements",
  JOURNAL =      "Computers and Geotechnics",
  volume =       "36",
  YEAR =         "2009",
  pages =        "871--879",
}


%%%%%%%%%%%  Drucker-Prager  %%%%%%%%%%

%------------------------------------------------------
%Articulos:

@ARTICLE{berga:94,
  AUTHOR =       "Berga, A. and de Saxc\'e, G.",
  TITLE =        "Elastoplastic finite element analysis of soil problems with implicit standard material constitutive laws",
  JOURNAL =      "Revue Europ\'eenne des El\'ements finis",
  volume =       "3",
  YEAR =         "1994",
  pages =        "411--456",
}

@ARTICLE{hjiaj:03,
  AUTHOR =       "Hjiaj, M. and  Fortin, J. and de Saxc\'e, G.",
  TITLE =        "A Complete stress update algorithm for the non-associated Drucker–Prager model including treatment of the apex",
  JOURNAL =      "International Journal of Engineering Science",
  volume =       "41",
  YEAR =         "2003",
  pages =        "1109--1143",
}

@ARTICLE{hjiaj:05,
  AUTHOR =       "Hjiaj, M. and Lyamin, A. V. and Sloan, S. W.",
  TITLE =        "Numerical limit analysis solutions for the bearing capacity factor Ny",
  JOURNAL =      "International Journal of Solids and Structures",
  volume =       "42",
  YEAR =         "2005",
  pages =        "1681--1704",
}

@ARTICLE{Berga:12a,
  AUTHOR =       "Berga, A.",
  TITLE =        "Mathematical and numerical modeling of the non-associated plasticity of soils – Part 1: The boundary value problem.",
  JOURNAL =      "International Journal of Non-Linear Mechanics",
  YEAR =         "2012",
  volume =       "47",
  pages =        "26--35",
}

@ARTICLE{Berga:12b,
  AUTHOR =       "Berga, A.",
  TITLE =        "Mathematical and numerical modeling of the non-associated plasticity of soils – Part 2: Finite element analysis.",
  JOURNAL =      "International Journal of Non-Linear Mechanics",
  YEAR =         "2012",
  volume =       "47",
  pages =        "36--45",
}

@ARTICLE{Saxce:15,
  AUTHOR =       "Hamlaoui, M. and Oueslati, A. and Lamri B. and de Saxc\'e, G.",
  TITLE =        "Finite element analysis of the plastic limit load and the collapse mechanism of strip foundations with non-associated Drucker-Prager model.",
  JOURNAL =      "European Journal of Environmental and Civil Engineering",
  YEAR =         "2015",
  volume =       "19(10)",
  pages =        "1179--1201",
}

@ARTICLE{Sanavia:02b,
  AUTHOR =       "Sanavia, L. and Schrefler, B.A. and Steinmann, P.",
  TITLE =        "A Mathematical and numerical model for finite elastoplastic defor- mations in fluid saturated porous media",
  JOURNAL =      "In: G. Capriz, V. Ghionna, P. Giovine (ed.) Modeling and Mechanics of Granular and Porous Materials, Series of Modeling and Simulation in Science, Engineering and Technology",
  YEAR =         "2001",
  pages =        "297--346",
}

@ARTICLE{Sanavia:01,
  AUTHOR =       "Sanavia, L. and Schrefler, B.A. and Stein, E. and Steinmann, P.",
  TITLE =        "Modelling of localisation at finite inelastic strain in fluid saturated porous media",
  JOURNAL =      "Proc. In: Ehlers W (ed.), IUTAM Symposium on Theoretical and Numerical Methods in Continuum Me- chanics of Porous Materials, Kluwer Academic Publishers",
  YEAR =         "2001",
  pages =        "239--244",
}

@ARTICLE{Sanavia:02,
  AUTHOR =       "Sanavia, L. and Schrefler, B.A. and Steinmann, P.",
  TITLE =        "A formulation for an unsaturated porous medium undergoing large inelastic strains",
  JOURNAL =      "Computational Mechanics",
  YEAR =         "2002",
  volume =       "28",
  pages =        "137--151",
}

@ARTICLE{Sanavia:06,
  AUTHOR =       "Sanavia, L. and Pesavento, F. and Schrefler, B.A.",
  TITLE =        "Finite element analysis of non-isothermal multiphase geomaterials with application to strain localization simulation",
  JOURNAL =      "Computational Mechanics",
  YEAR =         "2006",
  volume =       "37(4)",
  pages =        "331--348",
}

@ARTICLE{Sanavia:15,
  AUTHOR =       "Lazari, M. and Sanavia, L. and Schrefler, B.A.",
  TITLE =        "Local and non-local elasto-viscoplasticity in strain localization analysis of multiphase geomaterials",
  JOURNAL =      "international Journal for Numerical and Analytical methods in Geomechanics",
  YEAR =         "2015",
  volume =       "39",
  pages =        "1570--1592",
}



@book{ANSYS:2009,
Author={ANSYS},
Title = {Structural analysis guide -- ANSYS user manual -- release 12.0},
Publisher = {{Ansys, Inc.}},
ADDRESS = {Canonsburg, Pensilvania, USA},
Year = {{2009}},
}


%%%%%%%%%%%  PLASTICITY  and NON-LINEAR %%%%%%%%%%

%------------------------------------------------------
%Articulos:
@ARTICLE{taylorbar,
  AUTHOR =       "Taylor, G.",
  TITLE =        "The use of flat-ended projectiles for determining dynamic yield stress. I. theoretical considerations.",
  JOURNAL =      "Proceedings of the Royal Society of Mathematical, Physical and Engineering Science ",
  YEAR =         "1948",
  volume =       "194",
  pages =        "289--299",
}

@ARTICLE{Hughes:78,
  AUTHOR =       "Hughes, T. J. R. and Pister, K. S.",
  TITLE =        "Consistent linearization in mechanics of solids and structures.",
  JOURNAL =      "Computers and structures ",
  YEAR =         "1978",
  volume =       "8",
  pages =        "391--391",
}

@ARTICLE{cuitino:92,
  AUTHOR =       "Cuiti\~no, A. and Ortiz, M.",
  TITLE =        "A material-independent method for extending stress update algotithms from small-strain plasticity to finite plasticity with multiplicative kinematics",
  JOURNAL =      "Engineering computations",
  YEAR =         "1992",
  volume =       "9",
  pages =        "437--451",
}


@ARTICLE{Camacho:97,
  AUTHOR =       "Camacho, G.T. and Ortiz, M.",
  TITLE =        "Adaptive Lagrangian modelling of ballistic penetration of metallic targets",
  JOURNAL =      "Computers methods in applied mechanics and engineering",
  YEAR =         "1997",
  volume =       "142",
  pages =        "269--301",
}



@ARTICLE{Camacho:96,
  AUTHOR =       "Camacho, G.T. and Ortiz, M.",
  TITLE =        "Computational modelling of impact damage in brittle materials",
  JOURNAL = ijss,     
  YEAR =         "1996",
  volume =       "33(20-22)",
  pages =        "2899--2938",
}


@ARTICLE{Drucker-Prager,
  AUTHOR =       "Drucker, D. C. and Prager, W.",
  TITLE =        "Soil mechanics and plastic analysis for limit design.",
  JOURNAL =      "Quarterly of Applied Mathematics",
  YEAR =         "1952",
  volume =       "10(2)",
  pages =        "157--165",
}


%------------------------------------------------------
%Libros:

@book{MarsdenHughes:83,
  AUTHOR =       "Marsden, J.E. and Hughes, T. J. R.",
  TITLE =        "Mathematical Foundations of Elasticity.",
  PUBLISHER =      "Prentice Hall Inc., Upper Saddle River, New Jersey. ",
  YEAR =         "1983",
}

@BOOK{Bonet:97,
  AUTHOR =       "Bonet, J. and Wood, R.D.",
  TITLE =        "Nonlinear continuum mechanics fot finite element analysis",
  PUBLISHER =    "Cambridge University Press,The Pitt Building, Trumpington Street, Cambridge, UK",
  YEAR =         "1997",
}

@BOOK{wriggers:08,
  AUTHOR =       "Wriggers, P.",
  TITLE =        "Nonlinear Finite Element Methods",
  PUBLISHER =    "Springer",
  YEAR =         "2008",
}

@BOOK{Owen:08,
  AUTHOR =       "de Souza Neto, E.A. and Peri\'c, D. and Owen, D.R.J.",
  TITLE =        "Computational methods for plasticity",
  PUBLISHER =    "John Wiley \& Sons Ltd., The Atrium, Southern Gate, Chichester, UK",
  YEAR =         "2008",
}

%------------------------------------------------------
%Miscelanea:

@MISC{Radovitzky:03,
  author =       "Radovitzky, R.",
  title =        "Lecture notes: Computational Mechanics of Materials",
  howpublished = "http://ocw.mit.edu/courses/aeronautics-and-astronautics/16-225-computational-mechanics-of-materials-fall-2003/lecture-notes/",
  year =         "2003",
}




%%%%%%%%%%%MESHLESS%%%%%%%%%%

%------------------------------------------------------
%Articulos:
@Article{Sukumar2004,
  author         = {Ortiz, A. and Puso, M.A. and Sukumar, N.},
  title          = {Construction of Polygonal Interpolants: A Maximum Entropy Approach},
  journal        = {International Journal for Numerical Methods in Engineering},
  volume         = {61},
  number         = {12},
  pages          = {2159-2181},
  year           = {2004}
}

@Article{arroyo2006,
  author         = {Arroyo, M. and Ortiz, M.},
  title          = {Local maximum-entropy approximation schemes: a seamless bridge between finite elements and meshfree methods},
  journal        = {International Journal for Numerical Methods in Engineering},
  volume         = {65} ,
  number         = {13},
  pages          = {2167--2202},
  year           = 2006
}

@Article{li2010,
  author         = {Li, B. and Habbal, F. and Ortiz, M.},
  title          = {Optimal transportation meshfree approximation schemes for fluid and plastic flows},
  journal        = {International Journal for Numerical Methods in Engineering},
  volume         = {83} ,
  pages          = {1541-1579},
  year           = 2010
}


@Article{Sukumar2010,
  author         = {Ortiz, A. and Puso, M.A. and Sukumar, N.},
  title          = {Maximum-Entropy meshfree method for compressible and near-incompressible elasticity},
  journal        = {Computer Methods in Applied Mechanics and Engineering},
  volume         = {199},
  pages          = {1859-1871},
  year           = {2010}
}

@Article{nelder-mead,
  author         = {Nelder, J.A. and Mead, R.},
  title          = {A simplex method for function minimization},
  journal        = {Computer Journal},
  volume         = {7} ,
  pages          = {308-313},
  year           = 1965
}

@article{McKinnon1998,
   author = {McKinnon, K. I. M.},
   title = {Convergence of the {Nelder-Mead} simplex method to a nonstationary point},
   journal = {SIAM J. Optim.},
   volume = {9},
   pages = {148-158},
   year = {1998}
}

@Article{li2014,
  author         = {Li, B. and Stalzer, M. and Ortiz, M.},
  title          = {A massively parallel implementation of the Optimal Transportation Meshfree (pOTM) method for explicit solid dynamics},
  journal        = {International Journal for Numerical Methods in Engineering},
  volume         = {100} ,
  pages          = {40-61},
  year           = 2014
}


@Article{       belytschko:1996,
  author         = {T. Belytschko and Y. Krongauz and D. Organ and M. Fleming and P. Krysl},
  title          = {Meshless methods: an overview and recent developments},
  journal        = {Computational Methods Applied Mechanics and Engineering},
  volume         =139,
  pages        ={3--47},
  year           = 1996
}

@Article{       Wiezckowski:04,
  author        = {Wi\^k{e}zckowski, Z.},
  title          = {The material point method in large strain engineering problems},
  journal        = {Computational Methods Applied Mechanics and Engineering},
  volume         ={193},
  pages        ={4417--4438},
  year           = 2004
}

%------------------------------------------------------
%Software:



%------------------------------------------------------
%Tesis doctorales:

@PhdThesis{Saucedo2012,
author = {Saucedo, L.},
title = {Meshfree methods applied to tensile fracture and compressive damage in quasi-brittle materials},
school = {Universidad de Castilla-La Mancha},
year = {2012}
}

@PhdThesis{Navas_thesis,
author = {Navas, P.},
title = {Meshfree methods applied to dynamic problems in materials in construction and soils},
school = {Universidad de Castilla-La Mancha},
year = {2017}
}

@PhdThesis{Martinez14,
author = {Mart\'inez, M.A.},
title = {M\'etodos de b\'usqueda directa para optimizacio\'on sin derivadas},
school = {Universidad Nacional de C\'ordoba},
year = {2014}
}



%------------------------------------------------------
%Actas de Conferencias, Congresos o Simposios:



%%%%%%%%%%% F-Bar and B-Bar - LOCKING %%%%%%%%%%

%------------------------------------------------------
%Libros:

@Book{Hughes1987,
   author = {Hughes, T.J.R.},
   title = {The Finite Element Method. Linear Static and Dynamic Finite Element Analysis},
	publisher = {Prentice-Hall,Inc.},
year = {1987},
OPTnumber = {?},
OPTseries = {?},
address = {Englewood Cliffs, New Jersey 07632},
OPTedition = {?},
OPTmonth = {?},
}

%------------------------------------------------------
%Articulos:

@Article{hauret2007, 
  author         = {Hauret, P. and Kuhl, E. and Ortiz, M.},
  title          = {Diamond elements: A finite element/discrete-mechanics approximation scheme with guaranteed optimal convergene in incompressible elasticity},
  journal        = {International Journal for Numerical Methods in Engineering},
  volume         = {73},
  pages          = {253-294},
  year           = 2007
}

@Article{HauretKO2007, 
  author         = {Hauret, P. and Kuhl, E. and Ortiz, M.},
  title          = {Diamond elements: A finite element/discrete-mechanics approximation scheme with guaranteed
	 optimal convergene in incompressible elasticity},
  journal        = {International Journal for Numerical Methods in Engineering},
  volume         = {73},
  pages          = {253-294},
  year           = 2007
}



@Article{Hughes1980, 
  author         = {Hughes, T.J.R.},
  title          = {Generalization of Selective Integration Procedures to Anisotropic and Nonlinear Media},
  journal        = {International Journal for Numerical Methods in Engineering},
  volume         = {15},
  pages          = {1413-1418},
  year           = 1980
}
    
@Article{SimoTaylor1985, 
  author         = {Simo, J.C. and Taylor, R.L. and Pister, K.S.},
  title          = {Variational and projection methods for the volume contraint in finite deformation elasto-plasticity.},
  journal        = {Computer Methods in Applied Mechanics and Engineering},
  volume         = {51},
  pages          = {177-208},
  year           = 1985
}
   
@Article{SimoR1990, 
  author         = {Simo, J.C. and Rifai, M.S.},
  title          = {A class of mixed assumed strain methods and the method of incompatible modes},
  journal        = {International Journal for Numerical Methods in Engineering},
  volume         = {29},
  pages          = {1595-1638},
  year           = 1990
}


@Article{SimoTaylor1991, 
  author         = {Simo, J.C. and Taylor, R.L.},
  title          = {Quasi-incompressible finite elasticity in principal stretches. Continuum basis and numerical algorithm.},
  journal        = {Computer Methods in Applied Mechanics and Engineering},
  volume         = {85},
  pages          = {273-310},
  year           = 1991
}

@Article{KasperT2000, 
  author         = {Kasper, E.P. and Taylor, R.L.},
  title          = {{A mixed-enhanced strain method: Part I: Geometrically linear problems}},
  journal        = {{Computers and Structures}},
  volume         = {75(3)},
  pages          = {237-250},
  year           = 2000
}



@Article{ACKrysl2014, 
  author         = {Artioli,E. and Castellazzi, G. and Krysl,P.},
  title          = {Assumed strain nodally integrated hexahedral finite element
		 formulations for elastoplastic applications},
  journal        = {International Journal for Numerical Methods in Engineering},
  volume         = {99(11)},
  pages          = {844-866},
  year           = 2014
}



@Article{SulskyCS1994, 
  author         = {Sulsky, D. and Chen, Z. and Schreyer, H.L.},
  title          = {A particle method for history-dependent materials},
  journal 	 = {Computer Methods in Applied Mechanics and Engineering},
  volume         = {118},
  pages          = {179-196},
  year           = 1994
}
   


@Article{EBCHughes2008, 
  author         = {Elguedj,T. and Bazilevs,Y. and Calo,V.~M. and Hughes, T.J.R.},
  title          = {$\overline{B}$ and $\overline{F}$ projection methods for nearly incompressible
 linear and non-linear elasticity and plasticity using higher-order {NURBS} elements},
  journal 	 = {Computer Methods in Applied Mechanics and Engineering},
  volume         = {197(33-40)},
  pages          = {2732-2762},
  year           = 2008
}
   

 

@Article{NPRice1974, 
  author         = {Nagtegaal,J.~C. and Parks,D.~M. and Rice,J.R.},
  title          = {On numerical accurate finite element solutions in the fully plastic range},
  journal 	 = {Computer Methods in Applied Mechanics and Engineering},
  volume         = {4},
  pages          = {153-177},
  year           = 1974
}
   
@Article{DPDOwen1996, 
  author         = {De Souza Neto, E.A. and Peri\'c, D. and Dutko, M. and Owen, D.R.J.},
  title          = {Design of
simple low order finite elements for large strain analysis of nearly incom- pressible solids.},
  journal        = {International Journal of Solids and Structures},
  volume         = {33},
  pages          = {3277-3296},
  year           = 1996
}


@Article{DPOwen2005, 
  author         = {De Souza Neto, E.A. and Pires,F.M. and Owen, D.R.J.},
  title          = {F-bar-based linear triangles and tetrahedra for finte strain analysis of nearly incompressible solids. {Part I:} 
		formulation and benchmarking},
  journal        = {International Journal for Numerical Methods in Engineering},
  volume         = {62},
  pages          = {353-383},
  year           = 2005
}

@Article{Crisfield95, 
  author         = {De Souza Neto, E.A. and Pires,F.M. and Owen, D.R.J.},
  title          = {Enhanced lower-order element formulations for large
strains.},
  journal        = {In \textit{Computational Plasticity: Fundamentals and Applications, Proceedings of the Fourth International Conference held in Barcelona}, Owen DRJ, Onate E, Hinton E (eds). 3rd–6th April 1995.},
  pages          = {293-320},
  month          = {April},
  year           = {1995}
}

@Article{BonetBurton1998, 
  author         = {Bonet, J. and Burton, A.J.},
  title          = {A simple average nodal pressure tetrahedral element for incompressible and nearly incompressible dynamic explicit applications},
  journal        = {Communications in Numerical Methods in Engineering},
  volume         = {14(5)},
  pages          = {437-449},
  month={May},
  year={1998}

}



@Article{LamFredlundB1987, 
  author         = {Lam,L. and Fredlund, D.G. and Barbour, S.L.},
  title          = {Transient seepage model for saturated-unsaturate soil systems: a geotechnical engineering approach},
  journal        = {Canadian Geotechnical Journal},
  volume         = {24},
  pages          = {565-580},
  year={1987}

}


@Article{       belytschko:1994,
  author         = {T. Belytschko and Y.Y. Lu and L. Gu},
  title          = {{E}lement-free {G}alerkin methods},
  journal        = {International Journal for Numerical Methods in Engineering},
  volume         =37,
  pages          = {229--256},
  year           = 1994
}



@Article{gingold:1977,
  author= {Gingold, R.A. and Monaghan, J.J.},
  title= {{Smoothed particle hydrodynamics - Theory and application to non-spherical stars}},
  journal= {Monthly Notices of the Royal Astronomical Society},
  year= {1977},
  volume= {181},
  pages= {375-389}
}


%------------------------------------------------------
%Software:


%------------------------------------------------------
%Tesis doctorales:


%------------------------------------------------------
%Actas de Conferencias, Congresos o Simposios:



%%%%%%%%%%%  CONTACT  %%%%%%%%%%

%------------------------------------------------------
%Articulos:

@ARTICLE{taylor-flanagan87,
  AUTHOR =       "Taylor, L. and Flanagan, D.",
  TITLE =        "PRONTO 2D: A two-dimensional transient solid dynamics program",
  JOURNAL =      "Sandia National Laboratories",
  YEAR =         "1987",
  volume =       "SAND86-0594",
}




%%%%%%%%%%%  FRACTURE  %%%%%%%%%%

%------------------------------------------------------
%Articulos:

@ARTICLE{Barenblatt, 
AUTHOR =       "Barenblatt, G.L.",
TITLE =        "The mathematical theory of equilibrium cracks in brittle fracture.", 
JOURNAL =      "Advances in Applied Mechanics",
YEAR =         "1962",
volume =       "7",
pages =        "55--129",
}

@Article{        ahmad:1995,
  author        = {Ahmad, S.~H. and Hizo, S. and Chung, W. and Xie, Y.},
  title         = {An experimental technique for obtaining controlled diagonal tension failure of shear critical reinforced concrete beams},
  journal       = mas,
  volume        = {28},
  pages         = {8--15},
  year          = 1995
}

@ARTICLE{Hilleborg,
AUTHOR =       "Hillerborg, A. and Mod\'eer, M. and Petersson, P.E.", 
TITLE =        "Analysis of crack formation and crack growth in concrete by means of fracture mechanics and finite elements.",
JOURNAL =      "Cement and Concrete Research.",
volume =       "6",
pages =        "773--782",
year = 1976
 }
 

@ARTICLE{Bel_03,
AUTHOR =       "Belytschko, T. and Chen, H. and Xu, J. and Zi, G.", 
TITLE =        "Dynamic crack propagation based on loss of hyperbolicity and a new discontinuous enrichment.",
JOURNAL =      "International Journal for Numerical Methods in Engineering.",
YEAR =         "2003",
volume =       "58",
pages =        "1873--1905",
}

@ARTICLE{Bel_02,
AUTHOR =       "Gravouil, A. and Mo{\"e}s, N. and Belytschko, T.",
TITLE =        "Non-planar 3D crack growth by the extended finite element and level sets-Part II: level set update",
JOURNAL =      "International Journal for Numerical Methods in Engineering.",
YEAR =         "2002",
volume =       "53",
pages =        "2569--2586",
}

@ARTICLE{Bel_04, 
AUTHOR =       "Rabczuk, T. and  Belytschko, T.", 
TITLE =        "Cracking particles: a simplified meshfree method for arbitrary evolving cracks",
JOURNAL =      "International Journal for Numerical Methods in Engineering.",
YEAR =         "2004",
volume =       "61",
pages =        "2316--2343",
}


@ARTICLE{zhang:2009,
AUTHOR =       "Zhang, X.~X. and Ruiz, G. and Yu, R.~C. and Tarifa, M.",
TITLE =        "Fracture behaviour of high-strength concrete at a wide range of loading rates",
JOURNAL =      "International Journal of Impact Engineering",
volume =       "36",
pages =        "1204--1209",
year = 2009
}


@ARTICLE{zhang:2010,
AUTHOR =       "Zhang, X.~X. and Yu, R.~C. and Ruiz, G. and Tarifa, M. and Camara, M.A.",
TITLE =        "Effect of loading rate on crack velocities in HSC",
JOURNAL =      "International Journal of Impact Engineering",
YEAR =         "2010",
volume =       "37",
pages =        "359--370",
}


@Article{         carmona:2007,
  author        = {Carmona, J.~R. and Ruiz, G. and del Viso, J.~R.},
  title         = {{Mixed-mode crack propagation through reinforced concrete}},
  journal       = efm,
  volume        = {74},
  pages         = {2788--2809},
  year          = 2007
}

@Article{	  ruiz:2001b,
  author	= {Ruiz, G.},
  title	= {Propagation of a cohesive crack crossing a reinforcement layer},
  journal	= ijf,
  volume	= 111,
  pages	= {265--282},
  year	= {2001}
}

@InCollection{  ruiz:1999,
  author = 	 {Ruiz, G. and Elices, M. and Planas, J.},
  editor={Carpinteri, A.},
  title =  {Size effect and bond-slip dependence of lightly reinforced concrete beams},
  booktitle = {Minimum Reinforcement in Concrete Members},
  publisher={Elsevier},
  address={London},
  pages={67--97},
 year =  {1999}
}


@ARTICLE{ruiz:2011,
AUTHOR =       "Ruiz, G. and Zhang, X.X. and Yu, R.~C. and Porras, R. and Poveda, E. and del Viso, J.~R.",
TITLE =        "Effect of loading rate on fracture energy of high-strength concrete",
JOURNAL =      "Strain",
YEAR =         "2011",
volume =       "47(6)",
pages =        "518--524",
}


@ARTICLE{zhang:2010b,
AUTHOR =       "Zhang, X.~X. and Ruiz, G. and Yu, R.~C.",
TITLE =        "A new drop-weight impact machine for studying fracture processes in structural concrete",
JOURNAL =      "Strain",
YEAR =         "2010",
volume =       "46(3)",
pages =        "252--257",
}


@ARTICLE{Yu_04, 
AUTHOR =       "Yu, R.~C. and Ruiz, G.",
TITLE =        "Multi-cracking modeling in concrete solved by a modified DR method",
JOURNAL =      "Computers and Concrete",
YEAR =         "2004",
volume =       "4",
pages =        "371--388",
}

@Article{  yu:2002,
  author= {Yu, C. and Pandolfi, A. and Coker, D. and Ortiz, M. and Rosakis, A.J.},
  title= {{Three-dimensional modelling of intersonic shear-crack growth in asymmetrically-loaded unidirectional composite plates}},
  journal= ijss,
  volume= 39,
  number= 25,
  pages= {6135--6157},
  year= {2002}
}
 
 
@Article{  yuruiz:2004,
  author= {Yu, R.~C. and Ruiz, G.},
  title= {{Static multi-crack modeling in concrete solved by a modified DR method}},
  journal= cac,
  volume        = 1,
  number= 4,
  pages= {371--388},
  year= {2004}
}

@Article{  yuruizpandolfi:2004,
  author	= {Yu, R.C. and Ruiz, G. and Pandolfi, A.},
  title= {{Numerical investigation on the dynamic behavior of advanced ceramics}},
  journal	= efm,
  volume        = 71,
  pages= {897--911},
  year= {2004}
}

 
@Article{	  yuruiz:2006,
  author	= {Yu, R.~C. and Ruiz, G.},
  title	= {{Explicit finite element modelling of static crack propagation in reinforced concrete}},
  journal	= ijf,
  volume        = 141,
  number	= {3--4},
  pages	= {357--372},
  year	= {2006}
}

@Article{	  yu:2008,
  author	= {Yu, R.~C. and Zhang, X.~X. and Ruiz, G.},
  title	= {{Cohesive modeling of dynamic fracture in reinforced concrete}},
  journal	= cac,
  volume        = 5,
  number	= {4},
  pages	= {389--400},
  year	= {2008}
}



@article{RosaEtal:2012,
	Author = {Rosa, A.~L.  and Yu, R.~C. and Ruiz, G. and Saucedo, L. and Sousa, J.~L.~A.~O.},
	Journal = {Engineering Fracture Mechanics},
	Pages = {195--208},
	Title = {{A loading rate dependent cohesive model for concrete fracture}},
	Volume = 82,
	Year = 2012}




@Article{ruiz:2000,
  author = 	 {Ruiz, G.  and Ortiz, M. and Pandolfi, A.},
  title = 	 {Three-Dimensional Finite-Element Simulation of the Dynamic 
                  {Brazilian} Tests on Concrete Cylinders},
  journal = 	 ijnme,
  year = 	 {2000},
  volume = 	 {48},
  pages = 	 {963-994}
}

@ARTICLE{ruiz:2001,
AUTHOR =       "Ruiz, G. and Pandolfi, A. and M. Ortiz.",
TITLE =        "Three-dimensional cohesive modeling of dynamic mixed-mode fracture",
JOURNAL =      "International Journal for Numerical Methods in Engineering.",
YEAR =         "2001",
volume =       "52",
pages =        "97--120",
}

@InCollection{  yu:2007,
  author =  {Yu, R.~C. and Pandolfi, A. and Ortiz, M.},
  editor={Combescure, A. and DeBorst, R. and Belytschko, T.},
  title =  {{A 3D cohesive investigation on branching for brittle materials}},
  booktitle = {IUTAM Symposium on Discretization Methods for Evolving Discontinuities},
  volume= {5},
  pages={139--151},
 year =  {2007}
}

@ARTICLE{schmidt09,
AUTHOR =       "Schmidt, B. and Fraternali, F. and Ortiz, M.", 
TITLE =        "Eigenfracture: an eigendeformation approach to variational fracture.",
JOURNAL =      "SIAM J. Multiscale Model. Simul.",
YEAR =         "2009",
volume =       "7",
pages =        "1237--1266",
 }

@Article{	  pandolfi:1999,
  author	= {Pandolfi, A. and Krysl, P. and Ortiz, M.},
  title	= {Finite element simulation of ring expansion and fragmentation},
  journal	= {International Journal of Fracture},
  year	= {1999},
  volume	= {95},
  pages	= {279--297}
}

@ARTICLE{ortiz:1999,
AUTHOR =       "Ortiz, M. and Pandolfi, A.",
TITLE =        "Finite-deformation irreversible cohesive elements for three-dimensional crack-propagation analysis",
JOURNAL =      "International Journal for Numerical Methods in Engineering",
YEAR =         "1999",
volume =       "44",
pages =        "1267--1282",
}

@ARTICLE{pandolfi:2002,
AUTHOR =       "Pandolfi, A. and Ortiz, M.",
TITLE =        "An Efficient Adaptive Procedure for Three-Dimensional Fragmentation Simulations",
JOURNAL =      "Engineering with Computers",
YEAR =         "2002",
volume =       "18(2)",
pages =        "148--159",
}

@Article{	  pandolfi:2006,
  author	= {Pandolfi, A. and Conti, S. and Ortiz, M.},
  title	= {{A recursive-faulting model of distributed damage in confined brittle materials}},
  journal	= jmps,
  volume        = 54,
  number	= {10},
  pages	= {1972--2003},
  year	= {2006}
}

@ARTICLE{Pandolfi_12, 
AUTHOR =       "Pandolfi, A. and Ortiz, M.",
TITLE =        "An eigenerosion approach to brittle fracture",
JOURNAL =      "International Journal for Numerical Methods in Engineering",
YEAR =         "2012",
volume =       "92",
pages =        "694--714",
}

@ARTICLE{Pandolfi_13, 
AUTHOR =       "Pandolfi, A. and Li, B. and Ortiz, M.", 
TITLE =        "Modeling fracture by material-point erosion",
JOURNAL =      "International Journal of fracture",
YEAR =         "2013",
volume =       "184",
pages =        "3--16",
}

@ARTICLE{Li_15,
AUTHOR =       "Li, B. and Pandolfi, A. and Ortiz, M.",
TITLE =        "Material-point erosion simulation of dynamic fragmentation of metals",
JOURNAL =      "Mechanics of Materials",
YEAR =         "2015",
volume =       "80",
pages =        "288--297",
}


@ARTICLE{Li_12, 
AUTHOR =       "Li, B. and Kadane, A. and Ravichandran, G. and Ortiz, M.", 
TITLE =        "Verification and validation of the optimal-transportation meshfree (OTM) simulation of terminal ballistics",
JOURNAL =      "International Journal for Impact Engineering",
YEAR =         "2012",
volume =       "42",
pages =        "25--36",
}


@ARTICLE{mindess:1985,
AUTHOR =       "Mindess, S. and Bentur, A.",
TITLE =        "A preliminary study of the fracture of concrete beams under impact loading, using high-speed photography",
JOURNAL =      "Cement and Concrete Research.",
YEAR =         "1985",
volume =       "15(3)",
pages =        "474--484",
}

@ARTICLE{mindess:1987,
AUTHOR =       "Mindess, S. and Banthia, N. and Yan, C.",
TITLE =        "The fracture-toughness of concrete under impact loading",
JOURNAL =      "Cement and Concrete Research",
YEAR =         "1986",
volume =       "17(2)",
pages =        "231--241",
}


@ARTICLE{banthia:1989,
AUTHOR =       "Banthia, N. and Mindess, S. and Bentur, A. and Pigeon, M.",
TITLE =        "Impact testing of concrete using a drop-weight impact machine",
JOURNAL =      "Experimental Mechanics",
YEAR =         "1989",
volume =       "29(1)",
pages =        "63--69",
}


@ARTICLE{banthia:1996,
AUTHOR =       "Banthia, N. and Mindess, S. and Trottier, J.",
TITLE =        "Impact resistance of steel fiber reinforced concrete",
JOURNAL =      "ACI Materials Journal",
YEAR =         "1996",
volume =       "93(5)",
pages =        "472--479",
}


@ARTICLE{wang:1996,
AUTHOR =       "Wang, N. and Mindess, S. and Ko, K.",
TITLE =        "Fibre reinforced concrete beams under impact loading",
JOURNAL =      "Cement and Concrete Research",
YEAR =         "1996",
volume =       "26(3)",
pages =        "363--376",
}

@ARTICLE{banthia:1998,
AUTHOR =       "Banthia, N. and Yan, C. and Sakai, K.",
TITLE =        "Impact resistance of concrete plates reinforced with a fiber reinforced plastic grid",
JOURNAL =      "ACI Materials Journal",
YEAR =         "1998",
volume =       "95(1)",
pages =        "11--18",
}



@ARTICLE{tedesco:1998,
AUTHOR =       "Tedesco, J.W. and Ross, C.A.",
TITLE =        "Strain-rate-dependent constitutive equations for concrete",
JOURNAL =      "Journal of Pressure Vessel Technology",
YEAR =         "1998",
volume =       "120(4)",
pages =        "398--405",
}



@Article{	  kimwhite:1999,
  author	= {Kim, W. and White, R.~N.},
  title	= {{Shear-critical cracking in slender reinforced concrete beams}},
  journal	= acisj,
  volume        = 96,
  number	= {5},
  pages	= {757--765},
  year	= {1999}
}


@Article{	  kimwhite:1999b,
  author	= {Kim, W. and White, R.~N.},
  title	= {{Hypothesis for localized horizontal shearing failure mechanism of slender RC beams}},
  journal	= jsea,
  volume        = 125,
  number	= {10},
  pages	= {1126--1135},
  year	= {1999}
}

@ARTICLE{Bazant83,
AUTHOR =       "Ba\v{z}ant, Z.P. and  Oh, B.H.",
TITLE =        "Crack band theory for fracture in concrete",
JOURNAL =      "Materials and Structures.",
YEAR =         "1983",
volume =       "16",
pages =        "155--177",
}

@Article{	  bazantyu:2005a,
  author	= {Ba\v{z}ant, Z. P. and Yu, Q.},
  title	= {{Designing against size effect on shear strength of reinforced concrete beams without stirrups: I. Formulation}},
  journal= jsea,
  volume        = 131,
  number	= {12},
  pages	= {1877--1885},
  year	= {2005}
}


@Article{	  bazantyu:2005b,
  author	= {Ba\v{z}ant, Z. P. and Yu, Q.},
  title	= {{Designing against size effect on shear strength of reinforced concrete beams without stirrups: II. Verification and calibration}},
  journal	= jsea,
  volume        = 131,
  number	= {12},
  pages	= {1886--1897},
  year	= {2005}
}


@Article{	  oliver:2008,
  author	= {Oliver, J. and Linero, D.~L. and Huespe, A.~E. and Manzoli, O.~L.},
  title	= {{Two-dimensional modeling of material failure in reinforced concrete by means of a continuum strong discontinuity approach}},
  journal	= cmame,
  volume        = 197,
  pages	= {332--348},
  year	= {2008}
}


@Article{	  oliver:2004,
  author	= {Oliver, J. and Huespe, A.~E. and Samaniego, E. and Chaves, E.~W.~V.},
  title	= {{Continuum approach to the numerical simulation of material failure in concrete}},
  journal	= ijnamg,
  volume        = 28,
  number	= {12},
  pages	= {7--8},
  year	= {2004}
}

@Article{	  oliver:2008b,
  author	= {Oliver, J. and Huespe, A.~E. and Cante, J.~C.},
  title	= {{An implicit/explicit integration scheme to increase computability of non-linear material and contact/friction problems}},
  journal	= cmame,
  volume        = 197,
  number	= {21--24},
  pages	= {1865--1889},
  year	= {2008}
}


@Article{	  sancho:2007,
  author	= {Sancho, J.~M. and Planas, J. and Fathy, A.~M. and G\'alvez, J.~C. and Cend\'on D.~A.},
  title	= {{Three-dimensional simulation of concrete fracture using embedded crack elements without enforcing crack path continuity}},
  journal	= ijnamg,
  volume        = 31,
  number	= {2},
  pages	= {173--187},
  year	= {2007}
}


@Article{	  crisfield:1998,
  author	= {Hellweg, H.~B. and Crisfield, M.~A.},
  title	= {{A new arc-length method for handling sharp snap-backs}},
  journal	= cs,
  volume        = 66,
  number	= {5},
  pages	= {705--709},
  year	= {1998}
}


@Article{	  rots:2008,
  author	= {Rots, J.~G. and Belletti, B. and Invernizzi, S.},
  title	= {{Robust modeling of RC structures with an ``event-by-event" strategy}},
  journal	= efm,
  volume        = 75,
  number	= {3--4},
  pages	= {590--614},
  year	= {2008}
}


@Article{	  collins:1999,
  author	= {Collins, M.~P. and Kuchma, D.},
  title	= {{How safe are our large, lightly reinforced concrete beams, slabs, and footings?}},
  journal	= acisj,
  volume        = 96,
  number	= {4},
  pages	= {482--490},
  year	= {1999}
}


@Article{	  carpinteri:2007,
  author	= {Carpinteri, A. and Carmona, J.~R. and Ventura, G.},
  title	= {{Propagation of flexural and shear cracks through reinforced concrete beams by the bridged crack model}},
  journal	= mcr,
  volume        = 59,
  number	= {10},
  pages	= {743--756},
  year	= {2007}
}



@article{YuR:2004,
	Author = {Yu, R.~C. and Ruiz, G.},
	Journal = {Computers and Concrete},
	Pages = {371-388},
	Title = {{Modeling of static multi-cracking fracture processes in concrete using dynamic relaxation}},
	Volume = 4,
	Year = 2004}


@article{YuR:2006,
	Author = {Yu, R.~C. and Ruiz, G.},
	Journal = {International Journal of Fracture},
	Pages = {357-372},
	Title = {{Explicit finite element modeling of static crack propagation in reinforced concrete}},
	Volume = 141,
	Year = 2006}


@article{YuCRRZ:2016,
	Author = {Yu, R.~C. and G. Cifuentes and I. Rivero and Ruiz, G. and X.~X. Zhang},
	Journal = {Journal of the Mechanics and Physics of Solids },
	Pages = {135-152},
	Title = {{Dynamic fracture behaviour in fibre-reinforced cementitious composites}},
	Volume = {93},
	Year = {2016}}
	
	

@article{Poveda:2017,
	Author = {Poveda, E. and Ruiz, G. and Cifuentes, H. and Yu, R.~C. and Zhang, X.~X.},
	Journal = {{International Journal of Fatigue}},
	Pages = {9-17},
	Title = {{Influence of the fiber content on the compressive low-cycle fatigue behavior of self-compacting SFRC}},
	Volume = {101},
	Year = {2017}}


%------------------------------------------------------
%Book:

@BOOK{Bazant98,
  AUTHOR =       "Ba\v{z}ant, Z. P. and Planas, J.",
  TITLE =        "Fracture and size effect in concrete and other quasi-brittle materials",
  PUBLISHER =    "New directions in Civil Engineering, CRC Press, Boca Raton, Florida, USA",
  YEAR =         "1998",
}



@book{ModelCode:2010,
Author = {FIB},
Title = {{Model Code 2010 (Final draft)}},
Publisher = {{the International Federation for Structureal Concrete (fib)}},
Year = {{2012}},
Volume = {{1}},
ADDRESS = {Laussanne, Swizerland},
Pages = {{235-246}},
}


